2850 4720
133 332 211 393 nr:
251 287 546 392 rto-suut.
571 319 630 422 ur
654 287 817 386 ‘ELOC.
856 296 999 388 errrm.
1060 323 1146 414 157·

18 479 209 570 ‘nobis
245 495 492 577 occurrunt,
531 476 678 584 semper
713 474 754 559 in
797 471 925 560 nostra
954 476 1146 588 potestate

17 603 18 648 ³
53 604 200 708 sunt,
245 605 287 690 &
321 601 471 716 quoties
499 627 557 684 res
586 597 859 709 postulaverit,
900 627 923 684 a
952 601 1066 686 nobis
1093 631 1145 690 erc

56 752 329 847 praeparato
349 729 617 814 adhibeantur.
679 728 800 812 Nune
825 723 874 810 ad
896 726 1043 840 figuras
1063 734 1144 816 elo-

57 855 266 941 cutionis
297 855 566 944 transeamus
593 849 711 954 Qua
744 849 782 931 irr
820 844 1030 934 traditione
1066 854 1145 962 pri·

55 1001 193 1066 mum
236 982 328 1066 mihi
360 980 516 1066 videtur
544 974 910 1076 demonstrandum,
938 997 1036 1088 quot
1072 1006 1143 1094 ge-

52 1129 173 1188 nera
209 1101 289 1190 tint
317 1105 587 1205 elocutionis,
621 1120 794 1212 quotque
823 1093 950 1184 modis
983 1125 1029 1183 ea
1059 1123 1144 1186 uta.

12 1217 15 1222 ’
53 1255 182 1312 mur.

127 1353 300 1446 xvttt.
329 1355 393 1443 Est
420 1358 540 1471 igitur
567 1356 695 1442 omnis
721 1353 848 1438 oratio
860 1347 885 1452 ,'
899 1369 968 1436 aut
995 1354 1140 1456 soluta,

58 1483 195 1566 nulla
237 1485 337 1568 inter
366 1487 401 1570 se
433 1482 657 1569 neceffitate
688 1507 976 1580 numerorum,
1015 1507 1142 1590 neque

62 1605 308 1716 composrte
330 1609 513 1694 membris
531 1605 783 1717 quibusdam,
811 1607 872 1688 vel
900 1601 1139 1692 determina·

65 1753 117 1820 ta
153 1757 271 1820 certa
292 1738 645 1849 circumscriptione
682 1737 901 1824 verborum.
971 1737 1027 1821 Ea
1059 1741 1140 1848 pit·

61 1885 255 1968 rumque
277 1862 318 1945 in
344 1864 523 1947 sermone
550 1859 702 1948 affiduo
726 1860 769 1946 δι
797 1861 839 1944 in
864 1858 1029 1970 epistolis
1060 1863 1137 1947 uti-

62 2015 193 2070 mur:
226 1989 489 2099 interponitur
507 2011 639 2075 autem
661 1990 704 2075 ric
731 1987 969 2096 iudicialibus
992 1991 1138 2075 oratio·

58 2115 233 2214 nibus,
261 2117 324 2200 ubi
346 2116 489 2226 aliquid
517 2115 635 2204 fimile
656 2117 699 2203 δι
726 2116 953 2227 proximum
971 2117 1136 2210 sermoni

62 2245 267 2325 volumus
284 2237 482 2353 effingere.
533 2244 618 2328 Aut
636 2265 823 2356 perpetua
835 2299 850 2345 ‚
879 2269 995 2352 quam
1012 2241 1135 2328 Grae⁴

114 2643 197 2743 Quo
231 2649 265 2712 in
299 2645 490 2735 traditione]
528 2651 584 2718 sic
625 2665 673 2720 ter
695 2647 785 2720 dicit.

65 2729 232 2812 Stephon.
246 2730 377 2801 Veteres
399 2733 477 2800 Edd.
498 2733 582 2833 tho

65 2815 104 2877 in
125 2814 302 2880 traditione.
665 2817 867 2901 Interpositis
894 2827 992 2886 amen
1016 2811 1054 2892 Ei
1073 2821 1125 2908 jo·

158 2905 161 2910 ’
567 2967 571 2976 ,
624 2901 781 2962 dictatibus
800 2903 978 2965 orationibus
1023 2903 1124 2972 Rece-

121 2971 177 3039 En
193 2971 330 3067 utomur]
351 2975 405 3041 Sic
419 2973 499 3042 Edd.
518 2975 581 3040 Ve·
625 2981 728 3062 pimus
753 2979 919 3045 lectionem
952 2901 1124 3067 utitinam,

66 3073 142 3126 net.
163 3056 267 3121 Atdm.
293 3060 322 3122 tr
345 3057 445 3124 Mart.
464 3057 580 3138 Capel·
622 3077 715 3143 aqua
731 3079 794 3126 non
811 3063 947 3127 multum
969 3061 1125 3148 discrepat

66 3139 112 3207 la.
151 3137 212 3206 Ed.
237 3138 340 3206 Rhen.
366 3143 408 3204 eis
425 3151 576 3223 mernor,
621 3140 681 3208 Ed.
717 3141 831 3207 Vener.
869 3144 1066 3226 interponitur
1086 3147 1126 3219 θ’

64 3239 105 3286 ut
126 3222 167 3286 ad
181 3241 293 3309 genero
307 3220 468 3291 reseratum
511 3225 575 3294 Res
616 3228 651 3291 in
670 3225 798 3290 ttattuu
821 3226 1008 3290 notioribus.
1038 3225 1119 3308 Cor·

67 3303 186 3370 eodem
205 3305 299 3372 redit.
616 3301 791 3392 ruptiffime
815 3305 874 3372 Ed.
897 3303 1043 3376 Rhenau.
1073 3315 1123 3377 in·

616 3393 779 3476 inponitur
801 3399 854 3454 ortt
881 3386 922 3460 ὃ*
943 3393 978 3455 in
994 3393 1123 3482 dioiogir

77 3475 79 3478 ’
112 3459 153 3530 ln
169 3467 300 3552 semime
321 3471 459 3560 affictus]
491 3475 569 3544 Edd.
615 3477 808 3542 orationibus.
831 3490 873 3538 ex
887 3491 950 3556 qua
964 3473 1127 3560 scriptura·

68 3543 188 3614 Vener.
213 3553 242 3617 ἃ
266 3554 365 3621 Rhen.
385 3561 419 3620 in
433 3557 569 3640 ser-none
611 3559 649 3626 R.
669 3557 847 3646 stephanus
860 3553 960 3623 fecit:
990 3559 1115 3646 interpo-

64 3625 188 3724 affrdua.
207 3632 302 3702 Sermo
309 3635 433 3722 nffltturrr
440 3638 484 3704 est
515 3659 569 3706 uo
609 3644 693 3706 nitur
709 3653 807 3708 uitem
826 3637 864 3711 t?
880 3641 914 3702 in
936 3640 1066 3728 dialogis
1079 3643 1125 3718 ὅ.

62 3713 234 3796 trdtauus,
270 3717 443 3788 furniliarrs.
488 3661 570 3790 ime
609 3727 643 3789 tn
658 3721 1114 3814 nunonitnscujuscommen·

60 3789 239 3866 Gesnerrun
266 3797 363 3866 Thes.
399 3801 432 3870 L.
464 3804 499 3874 L.
537 3807 565 3873 tt
611 3821 679 3871 tum
699 3822 810 3870 omnes
827 3801 1113 3881 deudettdtctmes

61 3891 96 3942 r.
127 3879 215 3954 Mox
231 3881 400 3971 srrrrrrnrm
421 3887 566 3979 tumphei-
608 3887 800 3976 occupavit*

1095 2359 1271 2445 ci.
