2916 4740
307 257 645 350 ORATORUM
672 258 1052 356 GRAECORUM:
1104 303 1195 374 Lvu

160 447 314 536 diversa
341 443 416 536 fint
444 451 484 533 in
512 447 662 536 duobus
687 452 957 560 locirallatis,
993 459 1195 558 sedetiam

160 563 299 646 sensus.
353 564 398 646 ln
425 565 546 645 altero
576 565 661 647 vasa
682 566 783 648 sacra
807 563 856 648 ad
882 572 966 654 usus
995 575 1193 683 privatos,

160 673 206 755 in
232 678 352 758 altero
369 671 419 755 ad
440 699 628 784 pompam
653 674 695 759 in
714 677 965 767 sollemnitate
981 687 1033 770 Ol
1065 693 1193 801 mpica

159 780 327 868 udlribita
348 781 423 868 elle
450 781 646 870 dicuntur.
692 788 872 897 Denique
883 825 903 892 ‚¹
936 797 1001 903 qui
1029 715 1192 888 sanila.

156 897 312 980 ritatem
350 898 519 1006 aliquam
553 923 646 982 cum
672 893 881 986 Andocidc
915 915 1189 1015 contraxerit,

151 1005 292 1091 sentiet
318 1007 534 1118 proferto,
577 1008 743 1098 eandem
773 1013 813 1095 in
845 1013 916 1100 hac
949 1045 1084 1106 contra
1118 1029 1187 1110 Al-

153 1117 375 1220 cibiadem,
404 1147 520 1229 quam
546 1121 588 1204 in
609 1124 744 1206 ceteris
765 1124 983 1212 Andocidis
1001 1137 1187 1222 orationi-

151 1229 293 1330 nibus‚
324 1229 481 1318 dicendi
508 1229 678 1318 formum
703 1232 803 1334 else,
840 1239 1003 1324 eandem
1033 1248 1115 1330 vim
1144 1251 1187 1334 dc

148 1342 396 1451 gravitatem.
455 1343 516 1428 Ex
536 1343 596 1428 his
622 1345 744 1458 igitur
769 1350 952 1436 omnibus
970 1350 1184 1462 efficimus,

149 1453 397 1554 orationem,
424 1457 665 1567 quamsaepe
691 1459 882 1561 diximus,
919 1465 1068 1551 auuort
1094 1475 1186 1572 stro,

150 1561 356 1648 Andocidi
380 1566 671 1676 relinquendam
698 1567 798 1676 else,
829 1601 902 1656 nec
930 1573 1089 1662 Phaeaci
1114 1587 1182 1668 tri-

149 1673 371 1776 buendam‚
397 1682 612 1786 praesertim
641 1709 730 1768 cum
753 1684 870 1766 etiam
895 1685 1178 1795 Harpocration
1286 1687 1292 1700 ’
1344 1773 1348 1786 ,

149 1813 187 1868 v.
199 1786 381 1888 ’Eumddr
397 1788 439 1872 δι
458 1820 493 1873 v.
505 1792 694 1894 Εὐωδῑοὶα,
724 1793 767 1880 &
780 1794 941 1880 Plrotius
961 1799 1002 1885 in
1014 1799 1110 1888 Bibl.
1128 1835 1180 1892 ne

145 1899 237 2007 quid
266 1899 315 1984 de
334 1899 517 1986 Moeride
545 1901 694 2002 dicam,
723 1933 831 2006 eam,
863 1929 908 1992 ut
935 1911 1182 2018 Andocidis,

143 2007 316 2096 laudent.
371 2012 463 2096 Huc
490 2013 640 2099 accedit
661 2019 863 2108 consensus
893 2020 962 2106 viri
988 2031 1177 2132 praestan-

145 2121 354 2221 tissrmi‚&
371 2126 541 2231 collegae
560 2128 938 2238 conjunslilsrmi,L.
952 2136 997 2218 C
1015 2139 1176 2224 Valcke-

143 2233 267 2330 narii,
295 2235 361 2340 qui
378 2233 640 2342 Taylorianas
659 2241 827 2344 rationes
851 2241 1009 2345 iisdem,
1039 2254 1176 2359 quibus

84 2335 85 2340 ‘
142 2369 242 2446 nos,
272 2343 516 2455 argumentis
543 2347 586 2430 in
611 2343 846 2438 Adversaris
864 2354 940 2442 suis
968 2387 1171 2477 oppugna.

137 2473 209 2542 rat.

191 2569 902 2694 Amoenus,Strombiclridae‚ejus,
920 2585 985 2694 qni
1005 2614 1027 2670 :r
1045 2588 1169 2678 XXX.

70 2761 72 2766 .
135 2681 314 2794 tyrannis
331 2681 557 2768 interfestus
575 2685 652 2785 est,
666 2688 790 2790 silius,
818 2699 1054 2792 legationem
1072 2705 1171 2793 obiit

132 2792 182 2878 ad
201 2789 545 2881 Lacedaemonios.
603 2800 829 2910 Xenophon
854 2805 1005 2894 Hellen.
1028 2817 1094 2898 Vl.
1129 2847 1167 2928 p.

1 2929 2 2933 ¹
137 2901 292 3047 59033.
315 2905 466 3041 ppull.
499 2909 732 2998 ubidicitur
759 2915 874 3034 polae
900 2922 1003 3006 dacin
1031 2931 1166 3026 'dunr-

128 3015 559 3220 recurretur
577 3025 1166 3252 trultltllruiu

130 3253 264 3324 mator
281 3235 565 3352 ualdestrauis.
624 3247 848 3334 Damascius
865 3251 968 3359 apud
992 3257 1102 3342 l’lrot.
1124 3291 1163 3370 p.

132 3375 249 3454 1031.
264 3347 414 3466 ιἰγχῖιυε
433 3350 475 3438 ll
494 3350 575 3462 <lit
597 3359 796 3460 'supressa
826 3365 918 3476 Ejus
938 3370 1162 3460 orationem

125 3459 312 3655 adoeppus
337 3463 623 3558 Mixidemidem
648 3471 781 3565 laudat
801 3473 1026 3564 Aristoteles
1055 3480 1161 3568 ere-

123 3593 201 3663 tor.
272 3599 348 3680 .p.
393 3583 459 3663 88.
684 3659 686 3666 .
1234 3684 1237 3692 ,

178 3607 435 3772 lrmcmdrs
499 3685 616 3777 Hunc
645 3692 928 3779 Demosthenes
962 3696 1049 3785 adv.
1086 3703 1159 3792 Ti·

117 3793 245 3896 moth.
273 3825 315 3912 p.
349 3823 467 3910 1024.
495 3803 542 3920 E!
578 3801 673 3888 dicit
699 3805 765 3903 π’,
786 3842 824 3890 as
842 3804 1000 3918 spiritu
1026 3811 1100 3919 232„
1116 3814 1163 3904 π*

185 3971 189 3980 ,
582 3917 647 3974 *ss
677 3915 743 3969 alsat
775 3935 795 4022 ς
1060 3928 1159 4020 ἀπῇ
