2850 4720
270 241 345 326 162
429 201 771 342 nouitio
838 203 1171 325 nonnul

269 410 383 502 caesis
408 413 627 518 interrupta
652 405 780 492 fnerlt.
847 408 955 496 Nam
985 411 1052 497 ubi
1069 415 1242 500 omnia
1264 443 1327 530 pc⁶

269 533 389 623 riodis
416 533 686 642 explicantur,
724 527 934 618 satietatem
968 535 1012 620 dt
1029 535 1258 624 ,fastidium
1286 569 1340 625 ex

270 659 514 752 fimilitudine
540 659 670 768 parit:
709 659 834 767 qualia
867 661 1005 772 stripta
1035 688 1228 770 eorum,
1271 677 1342 778 an'·

191 831 193 838 ’
271 793 473 878 Isocratem
513 785 612 866 male
657 784 799 868 imitati
846 786 971 894 sun't3
1031 791 1191 901 quippe
1240 821 1331 877 cnm

269 914 346 1021 ipse
385 911 572 994 isocrates
624 910 666 992 in
708 907 784 992 hoc
825 933 973 1022 genere
1012 931 1036 996 'a
1080 912 1327 1022 quibusdam

269 1032 525 1145 improbetur.
584 1031 642 1116 At
669 1030 733 1113 ubi
761 1032 909 1141 semper
940 1037 1209 1120 continuatur
1243 1063 1332 1120 ora·

271 1159 477 1257 tiuncula,
505 1153 605 1265 quafi
631 1156 895 1264 respirationes
931 1183 981 1240 ex
1007 1161 1243 1244 intervallis
1272 1177 1328 1242 at·

271 1311 346 1399 que
372 1275 665 1394 delinitionibus
698 1275 948 1384 periodorum
976 1279 1330 1390 interponuntur,

271 1401 552 1494 &audientem
567 1455 581 1500 ,
609 1395 866 1485 &dicentem
891 1401 1048 1513 fatigat.
1112 1403 1199 1486 Ubi
1233 1430 1328 1486 vero

272 1535 376 1620 caesa
402 1529 552 1634 semper
572 1525 699 1610 oratio
725 1525 799 1613 est,
838 1525 932 1611 nihil
950 1553 974 1610 a
994 1527 1181 1612 sermone
1202 1529 1329 1639 impe·

270 1661 437 1744 ritorum
472 1648 627 1735 differre
661 1649 824 1737 videtur.
882 1653 1014 1756 Quare
1053 1651 1330 1764 permiscenda

269 1787 357 1888 sunt
384 1779 503 1879 haec,
532 1779 575 1864 dt
603 1780 716 1866 rebus
739 1805 812 1893 pro
836 1780 1070 1868 conditione
1089 1812 1233 1871 earum
1260 1811 1325 1868 ac-

270 1900 569 1996 commodanda.

325 2030 415 2116 XX.
446 2021 591 2112 Differt
611 2044 742 2110 antem
772 2027 897 2140 ligura
919 2030 1163 2116 elocutionis
1182 2028 1313 2140 algr-

270 2182 311 2241 ra
327 2152 542 2237 sentcntiae
567 2149 668 2248 hoc,
695 2147 801 2258 quod
821 2153 1034 2236 sententiae
1061 2149 1223 2260 figura,
1248 2154 1317 2236 im-

270 2291 426 2360 mutato
451 2273 661 2357 verborum
691 2269 855 2378 ordine,
893 2277 956 2363 vel
991 2281 1214 2378 translato,
1246 2304 1327 2361 ma-

267 2423 341 2488 net
361 2396 629 2485 nihilominus.
686 2397 929 2482 Elocutionis
953 2422 1107 2497 autem,
1133 2398 1327 2486 srdilira-

270 2531 395 2631 aeris,
423 2527 486 2610 vel
502 2525 770 2608 immutaveris
791 2527 935 2628 verba,
965 2531 1020 2612 vel
1038 2523 1223 2611 ordinem
1242 2552 1324 2608 eo·

1217 2673 1319 2731 torn

268 2907 347 2958 nunc
359 2907 397 2954 ex
408 2887 464 2951 illo
476 2890 696 2959 continuatione
701 2907 768 2978 per·-
813 2917 865 2964 ra:
901 2903 1092 2966 continuatur
1112 2901 1237 2983 motio,
1266 2918 1321 2972 mc

264 2972 773 3060 petuugelocutionisopteturmon-
812 2981 883 3045 illut
899 2983 961 3048 dcc.

269 3055 414 3141 nullisque
427 3052 638 3133 cut'fisirrterru
672 3076 774 3126 ocum

260 3140 384 3224 fuerit,
413 3139 569 3232 aliquando
596 3157 655 3206 coo
677 3142 772 3228 conso·
855 3143 1309 3234 Differtwcemfigurnfflaoc

267 3227 372 3288 cietur.
405 3215 458 3284 ubr
481 3221 576 3287 MSS.
604 3221 773 3294 Leidenses
814 3227 911 3293 etiarn
925 3225 1142 3296 differentiam
1163 3229 1319 3295 traditex

267 3305 400 3390 legunt:
429 3303 572 3367 nonnullo
590 3321 661 3388 quur
684 3306 775 3386 confir
814 3311 996 3378 Alexandro
1014 3311 1041 3378 1.
1067 3331 1097 3380 1.
1120 3333 1153 3400 p.
1164 3319 1196 3378 6.

266 3388 433 3472 insumpto
467 3383 578 3468 suerit.
630 3387 769 3455 Scribe:
1399 3439 1400 3470 r

268 3484 477 3553 nonnunquam
490 3464 580 3544 creſsi
602 3468 770 3552 interrupta
855 3475 1072 3564 Elocutionis]
1093 3479 1236 3547 Scilicet
1244 3480 1314 3570 fige·

260 3549 370 3630 fuerit.
396 3570 432 3616 ut
450 3534 590 3636 estnpud
612 3550 769 3635 Aquilam.
811 3577 857 3707 §pi
900 3559 1070 3656 Perpetem
1095 3581 1228 3633 veteres
1245 3567 1312 3633 unt

855 3646 991 3707 ocuttom'.

313 3709 510 3778 Corrtlrruotttr
551 3713 768 3802 oratiuncula]

263 3783 372 3904 {lacer
390 3791 766 3886 R.Steplrcniconjestu-
808 3836 813 3846 ·
851 3763 1060 3874 Velortlr'rrtm
1077 3825 1186 3879 eorum
1203 3813 1278 3903 mas
1303 3849 1313 3864 ·
1398 3859 1400 3882 .

1271 3919 1400 3974 arr-2

883 3983 895 4029 l
