2916 4740
276 221 416 302 mvn
497 197 827 284 nisronin
880 183 1184 294 eniricn.

280 389 441 488 fraudu,
472 382 788 502 mendaciorum,
815 411 989 474 errorum
1009 390 1105 476 dicit
1125 391 1336 502 Taylorud

280 497 387 593 Leti.
407 495 556 610 Lysiae.
578 499 627 576 V.
644 497 685 579 dc
703 495 773 576 Vl.
801 495 849 578 ad
867 499 1122 602 Demosthen.
1142 501 1231 588 adr.
1244 502 1333 584 Mi-

278 614 382 704 diam
410 613 490 694 init.
520 611 562 690 dc
591 604 641 688 ad
670 593 901 692 Aeschinem
932 605 1021 692 adv.
1044 608 1214 720 Ctefiph.
1237 614 1336 696 init.¹

280 745 342 812 tot
368 717 546 804 convicia
570 743 788 826 congerens
816 716 867 802 in'
887 719 973 804 libri
997 719 1261 834 scriptorem,'
1281 743 1339 806 ut

278 833 472 946 cupiditas
490 825 705 946 quaedam,
735 857 834 940 quae
851 860 873 912 a
896 831 960 914 tali
984 859 1025 914 re
1043 833 1179 941 pro'cul
1195 859 1338 918 renio-

278 941 408 1032 venda
435 965 551 1042 erat,
590 937 701 1024 facile
732 940 1081 1029 animadvertatur.
1140 941 1171 1024 E
1205 971 1230 1026 o
1260 970 1334 1028 vo-

277 1085 348 1156 ro,
379 1053 455 1138 linc
474 1055 657 1160 scriptore
686 1053 793 1159 saepe
822 1058 1065 1162 multumque
1093 969 1330 1154 triclinio,

277 1168 479 1280 cognovi,
515 1164 796 1274 cognitumque
823 1163 1046 1265 confirmo,
1075 1193 1162 1265 me,
1192 1169 1332 1273 quam-

276 1281 338 1366 vis
365 1289 651 1388 quaerentem,
691 1302 789 1384 quae
819 1275 859 1358 in'
889 1269 1012 1361 malae
1034 1270 1328 1384 fidei-suspicio-

276 1415 371 1480 nem
400 1412 616 1482 vocarem,
654 1413 704 1480 ne
730 1381 965 1472 levissimum
994 1388 1151 1498 quidem
1175 1383 1328 1472 fraudis

274 1497 481 1610 vestigium
499 1481 681 1606 reperisse.
697 1499 828 1608 ltaque
845 1491 933 1582 liuic
944 1501 1123 1610 scriptori
1134 1505 1325 1584 summam

275 1609 394 1699 fidem
415 1609 562 1700 tribuo,
595 1605 785 1691 summum
804 1611 884 1692 veri
902 1591 1083 1696 llirdium.
1122 1610 1201 1695 Sed
1217 1607 1327 1692 idem

272 1723 425 1819 fateor,
454 1717 689 1801 mediocrem
718 1719 756 1802 in
786 1747 835 1802 eo
858 1719 1065 1832 judicandi
1093 1717 1322 1808 facultatem

271 1829 395 1920 fuisse.
453 1831 558 1914 Nam
584 1825 754 1929 ejusdem
777 1831 951 1914 nominis
981 1833 1184 1944 scriptores
1212 1833 1326 1940 saepe

274 1939 512 2038 confundit,
542 1941 649 2026 utin
672 1941 752 2024 vita
774 1942 1067 2052 Antiphontis:
1099 1969 1324 2054 quanquam

132 2131 140 2142 .
272 2055 337 2140 ille
354 2080 463 2136 error
479 2054 513 2136 ei
525 2053 745 2136 communis
763 2049 817 2134 est
831 2080 920 2136 cnm
941 2055 1181 2140 Philostrato.
1200 2053 1325 2150 Cum,-

149 2183 152 2198 ‘
272 2191 349 2274 que
381 2165 517 2246 omnia
553 2185 634 2247 tani
660 2159 883 2270 perturbate
915 2165 1054 2276 scripta
1077 2163 1186 2265 sint,
1223 2159 1323 2248 niliil

269 2291 317 2356 ut
343 2274 410 2354 suo
442 2277 533 2356 loco
562 2271 748 2371 dicatur,
787 2271 1027 2360 verissimum
1059 2298 1185 2384 puto,
1214 2271 1324 2386 quod

267 2377 419 2466 dudum
450 2381 656 2490 suspicatus
692 2384 807 2486 sum,
845 2412 951 2468 mera
989 2375 1064 2468 else
1094 2385 1327 2492 Excerpta,

262 2491 377 2574 ,nullo
412 2495 473 2571 vel
505 2490 682 2590 ordine,
724 2497 784 2576 vel
807 2488 956 2577 deiectu
982 2489 1112 2590 fasta,
1142 2521 1196 2576 ex
1218 2495 1326 2578 Her·

262 2597 429 2703 mippo,
451 2601 648 2702 Caecilio,
669 2600 863 2715 Dionyso
888 2587 1235 2716 Halicarnassensi,
1255 2609 1328 2712 qui

262 2705 657 2829 saepefllqudantur,
696 2709 855 2824 aliisque
890 2711 1102 2826 deperditis
1133 2715 1328 2805 Vitarum

259 2813 530 2936 scriptoribus.
603 2821 840 2935 Taylorur‚¹
878 2831 1042 2912 meliore
1069 2853 1202 2916 rerum
1221 2827 1328 2913 ordi·

255 2948 343 3048 neq
366 2949 432 3028 qui
457 2925 565 3034 apud
586 2931 769 3018 Photium
791 2929 866 3038 est,
897 2925 1108 3045 induetur,
1138 2935 1328 3038 Pliotium

254 3027 344 3114 libri
364 3031 574 3154 auclorem
592 3038 664 3126 else
684 3046 835 3144 credit,
864 3045 1119 3134 Plutarchum
1138 3049 1234 3132 nihil
1255 3043 1330 3137 nisi

253 3135 455 3262 Photiaira
474 3151 727 3259 compilasse,
746 3155 790 3238 de
810 3153 1006 3244 erroribus
1023 3147 1183 3244 auxisse.
1200 3153 1328 3264 Quod
1367 3181 1372 3194 ’

250 3245 342 3332 sane
367 3275 534 3354 muor,
569 3287 655 3368 non
684 3262 1041 3380 dicam-Tayloro,
1070 3261 1169 3354 resti
1187 3269 1329 3384 judicii

250 3343 299 3432 de
315 3355 558 3460 praestantis
577 3369 777 3456 doctrinae
800 3379 911 3479 viro,
938 3378 1003 3464 sed
1032 3383 1096 3466 vel
1117 3379 1327 3468 mediocri·

248 3465 311 3575 te!
336 3456 468 3552 dono
492 3529 508 3574 ,
546 3477 787 3601 immeritem
814 3489 949 3572 venire
974 3491 1158 3598 potuisse.
1219 3495 1327 3580 Nam

146 3615 148 3626 ·
242 3579 427 3661 Pmum
456 3607 604 3696 omnia
627 3590 718 3717 surit
744 3596 920 3711 pleniora
947 3599 992 3686 dc
1011 3599 1328 3802 exquisrtioraad-

1241 3729 1300 3835 pu
