2916 4740
282 243 391 324 rm
482 229 812 352 nisuonra
857 233 1139 326 CRITICA'

289 423 492 510 scribentes
511 449 523 528 3
562 421 779 526 nollemque
799 415 920 516 adeo,
949 453 1028 530 quo
1047 426 1087 508 in
1113 417 1332 532 errorejpn

288 535 400 632 sunt,
430 531 471 615 in
489 528 654 634 eundem
675 526 910 615 induxissent
927 532 1124 616 Valeiium
1154 533 1203 620 ad
1224 535 1330 618 Har·

244 731 247 741 ,
287 664 437 754 pocrat.
467 671 504 752 p.
533 652 596 729 80.
641 639 684 723 &
718 641 942 750 Taylorum
980 640 1031 726 ad
1060 643 1239 726 Aeschin.
1288 671 1331 730 c.

290 751 457 862 Ctefiph.
496 755 645 860 p.611.
702 750 979 864 Anaphlystius
1000 752 1195 850 Eubulus,
1232 759 1333 837 nul·

287 867 368 948 lam
387 892 418 947 ,e
452 865 551 948 bello
577 859 730 946 laudem
759 863 1024 963 emetiatur,
1052 890 1185 948 curam
1206 891 1333 974 pecu·

287 979 376 1060 niae
406 975 580 1083 publicae
602 973 795 1082 suscepit,
839 973 986 1060 reditus
1010 976 1154 1074 auxit,
1192 971 1333 1060 claffes

287 1085 494 1187 instruxit,
529 1087 666 1168 urbem
690 1082 942 1169 monimentis
968 1088 1188 1170 exornavit.
1244 1089 1332 1170 Ae-

289 1198 435 1286 schines
452 1225 483 1281 c.
503 1191 672 1302 Ctesiph.
692 1221 730 1302 p.
743 1215 834 1301 375.
857 1195 1049 1322 'Dinarcla
1070 1225 1105 1280 c.
1121 1193 1326 1282 Demosth.

288 1337 375 1510 §.1¹
382 1335 449 1502 it
469 1305 540 1502 rii
556 1304 750 1526 {titii
781 1307 1326 1528 fiii·.¹.’{3?.‘.·.a'.8.¹mi

128 1533 130 1538 ’
290 1535 420 1643 legem
440 1530 550 1624 tulit,
564 1527 709 1633 ut‚qui
725 1532 928 1638 pecuniam
951 1530 1172 1614 theatralem
1190 1533 1231 1614 in
1252 1531 1326 1614 mi-

288 1646 443 1730 litarem
472 1635 754 1738 convertisset,
798 1641 924 1750 capite
959 1641 1202 1752 pletteretur.
1259 1643 1327 1728 Ul·

120 1799 123 1810 ·
284 1756 394 1867 pian.
425 1753 465 1843 in
493 1749 692 1832 Demosth.
711 1749 880 1861 Olynth.
898 1753 928 1834 1.
957 1782 995 1862 p.
1020 1777 1083 1859 14·
1119 1756 1250 1856 Quam
1270 1758 1327 1839 le..

287 1891 405 1979 gem,
433 1859 585 1944 Philino
611 1860 731 1950 etiam
759 1881 1016 1946 memoratam
1044 1861 1147 1974 apud
1169 1865 1251 1948 Har
1280 1893 1327 1950 o·

288 1995 384 2062 crat.
413 2003 449 2058 u.
476 1967 663 2064 orama,
691 1969 944 2058 vehementer
970 1973 1213 2086 reprehendit
1237 1897 1278 2062 ig

285 2087 476 2180 mosthen
502 2081 675 2193 Olynth.
693 2081 725 2164 I.
753 2113 792 2194 p.
815 2109 854 2190 4.
872 2085 926 2170 A.
953 2084 1023 2170 lli.
1051 2117 1089 2199 p.
1114 2111 1175 2194 39.
1198 2089 1249 2171 A.
1279 2087 1327 2174 δε

290 2197 340 2284 de
368 2225 446 2308 rep.
474 2193 557 2282 ord.
588 2223 625 2305 p.
658 2217 746 2300 123.
765 2195 816 2279 A.
844 2198 942 2308 seqq.
971 2199 1039 2282 ubi
1068 2199 1157 2284 vide
1185 2200 1329 2306 Ulpia-

285 2338 401 2396 num.
440 2309 502 2391 Ac
520 2331 609 2388 vere
630 2304 774 2409 judicat
791 2305 1079 2418 Theopompus
1098 2308 1208 2420 apud
1225 2311 1328 2396 Har-

289 2438 439 2533 pocrat.
467 2447 504 2500 v.
526 2415 708 2518 uncam,
735 2445 935 2527 nunquam
964 2421 1166 2506 civitatem
1192 2423 1329 2508 imbel-

290 2535 427 2618 liorem
447 2527 490 2614 δι
509 2529 775 2638 ignaviorem,
804 2556 919 2638 quam
943 2557 1030 2613 cum
1050 2531 1183 2616 abillo
1203 2532 1329 2618 admi·

281 2642 548 2746 ,nistrabatum
563 2635 680 2722 fuiiie.
708 2637 838 2737 Mox,
868 2667 956 2722 cum
975 2639 1180 2726 neceffitau
1200 2648 1329 2730 venie·

290 2752 346 2837 set
370 2751 556 2860 pecuniae
583 2775 665 2832 non
696 2751 737 2834 in
758 2750 964 2837 theatrales
985 2755 1240 2862 voluptateS,
1262 2755 1326 2840 sed

281 2865 335 2970 ‘in
368 2863 509 2947 bellum
539 2857 845 2968 impendendae,
882 2865 981 2976 legis
1003 2866 1091 2946 suae
1117 2865 1354 2970 mutandae,

291 2971 446 3060 consilia
463 2971 636 3094 agitauit.
695 2971 950 3058 Demosthen.
978 2970 1031 3058 de
1046 2971 1124 3059 fals.
1141 2979 1257 3100 legat.
1285 3007 1325 3087 p.

289 3084 745 3286 iiiariisiepiie‘ciss?
761 3081 1327 3304 ξὲῗὲῗθωᾶἶῃῗίἓὲξᾝ

278 3307 482 3424 gessisset,
513 3323 557 3388 ut
576 3303 837 3391 Macedonum
858 3306 1032 3414 partibus
1049 3307 1198 3394 studere
1217 3307 1326 3396 vide·

224 3491 229 3498 .
290 3444 424 3525 retur,
452 3414 536 3500 atia
562 3417 643 3528 ejus
660 3416 875 3528 exagitavit
896 3415 1189 3506 Demosthenes.
1246 3421 1326 3508 Ae·

156 3551 167 3610 ·.
290 3535 409 3619 schin.
426 3529 475 3617 de
493 3527 567 3614 i'als.
588 3532 663 3638 leg.
693 3553 733 3634 p.
754 3549 846 3630 241.
912 3529 1014 3613 Cum
1043 3531 1254 3642 Pirrynone
1282 3533 1326 3618 δε

277 3643 542 3741 ¹Philocrate,
579 3637 766 3748 improbis
797 3629 1056 3752 demagogis,
1089 3644 1271 3757 jungitur
1303 3673 1328 3730 a

276 3747 466 3844 Luciano
486 3755 649 3840 Encom.
663 3747 867 3838 Demosth.
886 3779 924 3862 p.
941 3753 1085 3859 520.&
1108 3755 1332 3978 Uipgffiffi

1280 2003 1324 2059 e.
1445 1989 1446 2036 i
