2916 4740
343 309 1015 431 enantiisoi
1113 343 1201 432 am

94 609 102 623 a
156 539 206 624 oh
243 533 361 620 oculos
395 532 600 640 habuerit,
634 559 692 618 me
725 536 830 620 inter
855 533 1045 644 legendnm
1069 533 1195 644 salle-

157 665 257 735 rent.
459 701 465 710 -

214 751 417 869 Superest,
453 773 500 844 ut
520 819 534 860 ‚
558 759 705 952 juiius
720 757 920 874 praefidiis
942 755 1117 872 instrulli
1139 755 1193 842 ad

155 873 348 958 Rutilium
379 867 557 980 recensen
582 897 645 956 um
682 872 969 986 acceſjerimus,
1014 871 1191 955 breuiter

151 999 397 1096 exponamus.
430 983 654 1070 Varietatts
672 979 866 1070 lellionnm
884 1011 904 1068 e
920 984 1046 1068 tribus
1068 983 1186 1066 MSS.

151 1097 342 1205 integris,
372 1093 429 1203 &⁹
449 1099 560 1177 unita
587 1094 952 1208 paruosragmento
981 1095 1189 1182 babuimus·

151 1212 311 1296 Primus
322 1206 445 1292 Codex
460 1205 511 1316 est
529 1207 789 1290 Bibliothecae
806 1207 1191 1292 LaurentianaeMe*

153 1321 283 1406 dictae
312 1326 352 1403 in
381 1319 522 1404 tintrta
544 1316 672 1428 seculo
697 1313 813 1402 XIV.
840 1315 1045 1430 scriptus:
1083 1321 1192 1402 alter

155 1435 319 1542 ejusdem
346 1429 604 1515 Bibliothecae
632 1433 672 1512 in
703 1429 925 1516 membrana
939 1431 1069 1544 seculo
1094 1431 1186 1518 Xlsa

155 1545 439 1654 fragmentum
476 1542 527 1647 eli
570 1539 833 1628 Bibliothecae
871 1543 1191 1643 Bistonium,

155 1658 495 1740 manurecentiore
514 1671 748 1752 exaratam,
777 1653 875 1766 quod
890 1677 961 1741 non
984 1654 1193 1760 nifinooem

147 1773 302 1882 prioris
314 1769 410 1851 libri
419 1764 692 1882 paragraphus
708 1767 934 1876 continebat.
962 1767 1113 1854 Horum
1124 1771 1192 1852 Co·¹

153 1883 277 1965 dicam
293 1883 500 1964 uariantes
517 1905 633 1996 quam
656 1883 782 1988 potnit
793 1871 890 1984 fie'ri
910 1877 1193 1990 accuratiffiml
1284 1945 1286 1950 -

152 1993 341 2102 excerpfit
363 1993 439 2078 Vir
460 1985 757 2104 eruditiffimus,
785 1993 851 2106 qai
874 2015 957 2078 cam
997 1995 1193 2094 maxime,-

154 2105 363 2190 literaram
385 2104 497 2200 bom,
520 2101 717 2184 Mediceas
736 2103 1028 2214 maccolum,
1050 2107 1104 2188 A.
1129 2103 1192 2187 M.

157 2216 388 2302 Bandinius.
415 2209 541 2296 Tertii
558 2211 698 2296 Codicis
710 2212 825 2316 nescio
841 2217 944 2318 cuius
955 2211 1194 2326 diocesaelm

160 2323 295 2412 lliones
307 2341 464 2408 notatae
481 2339 597 2407 erant
608 2327 649 2404 in
665 2327 838 2430 margine
852 2327 1022 2410 editionis
1039 2325 1198 2414 Rhoan-¹

160 2443 333 2536 alance,
371 2459 535 2548 quatum
562 2433 659 2518 mihi
674 2450 749 2544 pro
771 2432 1012 2521 humanitate
1028 2437 1109 2550 sita
1134 2467 1193 2526 co·
1258 2440 1260 2446 ’

152 2545 374 2663 piamsetit
396 2551 475 2633 Vir
492 2543 785 2645 celeberrimus,
813 2547 1065 2636 Abrahamus
1089 2555 1193 2634 Gro-

154 2666 298 2748 novius.
356 2663 565 2744 Enimvero
583 2683 654 2742 non
670 2674 824 2746 tantum
841 2660 926 2745 boni
942 2656 1197 2752 adRatiliunl

156 2773 263 2860 uenit
291 2797 341 2857 ex
370 2771 496 2855 tribas
533 2767 728 2859 Codiclhtes
764 2769 883 2858 MSS.
921 2793 1104 2886 qnantum
1142 2807 1229 2877 ex,

156 2887 285 2972 tribus
319 2882 542 2968 editionibus
573 2886 779 2994 antiquis,
830 2910 996 2996 quarum
1012 2889 1193 3000 fingalae

157 3023 240 3082 cum
261 3019 311 3079 ex
337 2996 497 3104 diocrfis
524 2993 713 3081 Codicibus
738 2989 873 3081 duliae
889 2998 987 3108 fine,
1011 3015 1086 3110 pro
1103 3005 1194 3085 toti·

156 3109 240 3195 dem
258 3107 448 3194 Codicibus
463 3104 603 3192 haberi
617 3105 762 3192 dehent.
822 3109 980 3195 Accidit
1000 3117 1126 3210 enim,
1148 3131 1193 3200 ut

158 3222 332 3306 Rutilios
350 3245 422 3304 nno
439 3217 631 3332 eodemque
638 3225 734 3330 fere
752 3219 917 3332 ternpore
935 3237 1000 3308 ter
1013 3215 1054 3307 in
1077 3225 1195 3310 lucem

157 3334 353 3444 prodiret,
382 3329 440 3438 Θ
465 3329 671 3418 Editorum
696 3335 874 3446 quisque,
901 3335 1061 3420 altetius
1085 3339 1194 3443 confi-

162 3443 254 3527 lium
270 3449 476 3554 ignorans,
489 3448 656 3556 primam
662 3442 711 3556 se
726 3446 869 3532 Rutilii
888 3447 1082 3534 editionem
1099 3445 1197 3536 dart

154 3569 335 3670 putaret.
408 3559 565 3642 Primus
592 3573 759 3668 tempore
778 3557 866 3664 fnit
900 3558 1084 3642 Nicolaas
1118 3561 1196 3649 Ro·

148 3665 260 3783 scius
291 3667 583 3773 Ferrariends,
611 3671 726 3782 nobo
757 3669 964 3783 Zapinas,
1002 3670 1195 3764 librarios

159 3783 362 3880 Venetus,
390 3787 455 3896 qui
480 3781 672 3870 Rutilium
707 3809 791 3866 cam
824 3780 971 3894 Aquila
993 3783 1162 3874 Romam
1181 3841 1198 3895 ‚·

161 3889 365 4036 ocelim,
397 3911 554 4008 nuper,
588 3910 635 3980 ut
659 3898 791 4062 nain
807 3891 1033 3985 dedicatione
1050 3899 1197 4096 aldrin-

773 4035 798 4094 2
1079 4029 1110 4124 p
1192 4042 1200 4050 ·
