2916 4740
342 271 1013 368 PRAEFATIO.
1124 303 1213 415 xire¹

124 561 131 578 ,
167 500 280 572 nac,
329 469 374 556 dc
400 466 535 552 aetatis
565 465 716 551 nostrae
743 463 981 576 Virginius,
1026 465 1209 574 Plinius,

168 583 352 670 Rutilius.
411 580 490 686 Qui
507 579 660 688 locusfl
686 577 820 674 mendo,
835 596 1020 677 careret,
1055 581 1208 668 clerum

168 686 279 808 effet,
306 687 499 778 Rutilium
515 687 775 802 Quioiiiliooi
795 706 925 775 octale
944 690 1101 800 uixiffi.·
1148 701 1205 780 E·

81 837 92 844 ·
167 811 341 892 dimoero
380 803 531 890 Codices
572 803 689 886 MSS.
727 799 990 904 &editiones
1024 825 1204 910 ueteres,

20 941 35 960 ··
164 941 262 1034 quos
280 914 798 1019 Bormaneesyuesoeros
814 911 1205 1024 excofflruoe,eciom

165 1029 312 1116 MSlos
349 1054 399 1116 ex
425 1027 638 1133 Hullir'ana
662 1025 887 1112 bibliotheca
924 1033 962 1110 e'o
992 1027 1204 1143 Leideosim

163 1141 413 1248 translatus,
453 1161 525 1249 pro
548 1139 716 1223 Rutilius
733 1166 869 1250 magno
887 1136 1056 1250 consensu
1075 1145 1205 1253 legunt

163 1253 351 1339 Tutilius.
413 1247 617 1364 Veriffime.
675 1250 784 1335 Nam
807 1251 958 1336 licelilio
982 1253 1108 1340 nullos
1138 1273 1205 1365 po·

165 1364 236 1474 cell
253 1367 355 1451 locos
374 1363 467 1477 effe,
493 1362 559 1448 uiri
577 1363 787 1463 Rhetores‚
814 1367 880 1476 qui
895 1361 1119 1474 uniuersam
1133 1398 1202 1458 ar.
1263 1379 1266 1384 “

165 1493 243 1564 lem
260 1482 475 1564 oratoriam
488 1477 669 1587 complexi
682 1475 788 1586 stuc,
815 1474 1065 1575 recensentur.
1096 1483 1203 1568 Cone·

168 1589 427 1676 memorandus
445 1587 494 1698 esi
521 1593 624 1676 iuter
649 1611 735 1686 cos,
763 1589 831 1700 qui
845 1601 1001 1699 portem
1020 1587 1203 1680 Rhetori-

164 1725 254 1802 ces,
302 1718 489 1816 tanquam
523 1699 568 1786 de
610 1699 902 1798 Seleucides,
952 1699 1199 1810 illustrarint.

160 1817 290 1925 Atqui
307 1815 412 1901 incer
432 1827 838 1915 eoscomrueeoorotur,
866 1811 941 1896 IX.
972 1835 1009 1920 3.
1034 1819 1074 1928 p.
1103 1839 1199 1927 455.

161 1923 271 2010 Haec
288 1927 422 2012 omnia
439 1923 628 2038 copiosius
645 1925 734 2011 sunt
754 1927 935 2028 executi,
964 1928 1030 2034 qui
1050 1955 1135 2019 nou
1153 1953 1198 2020 ut

160 2058 312 2146 partem
344 2040 472 2152 operio
499 2041 840 2138 transcurrerunt,
876 2033 940 2122 sed
970 2043 1128 2150 proprie
1155 2046 1200 2130 li.
1368 2059 1373 2074 ¹

161 2149 250 2232 broc
283 2148 372 2236 huic
400 2151 508 2260 operi
532 2145 831 2252 dedicaueruot3
861 2144 955 2234 ficut
983 2149 1200 2258 Caecilius,

162 2259 413 2369 Diouyli'uu,
447 2259 645 2366 Rutilius,
682 2255 946 2362 Cornificius,
979 2261 1161 2352 ,Visellius
1181 2325 1199 2372 ,

161 2369 302 2480 aliique
324 2398 407 2458 noo
423 2371 548 2482 pauci.
605 2365 683 2456 Sed
700 2395 787 2454 noo
805 2370 935 2456 minor
953 2373 1026 2460 erit
1044 2403 1198 2486 eorum,

158 2484 223 2589 qui
242 2483 384 2570 vivunt
408 2483 544 2591 gloria.
601 2481 688 2590 Quo
717 2481 794 2568 loco
812 2537 826 2581 ,
843 2484 965 2594 stmul
990 2483 1197 2598 obseruari

155 2593 293 2693 debet,
330 2592 466 2706 rursus
490 2591 793 2703 Quiodiliaouor
818 2591 863 2680 de
887 2593 1036 2682 Rutilio
1059 2602 1195 2718 loqui,
1272 2667 1276 2672 -

154 2721 339 2814 tanquam
369 2721 501 2792 aetate
519 2701 599 2816 sua
625 2705 840 2818 superiore.
900 2705 1070 2801 Tletilios
1097 2744 1194 2806 uero
1255 2751 1258 2766 ·

154 2817 289 2903 nobilis
314 2815 569 2927 Quiolliliaui
594 2835 762 2931 tempore
786 2816 938 2902 Rhelor
955 2821 1078 2930 suit,
1123 2833 1194 2942 qui

152 2947 301 3037 quanto
319 2957 401 3016 cum
408 2929 676 3040 somoerrtcro
686 2929 805 3040 suom
819 2929 1009 3044 proflffu's
1027 2939 1101 3050 stt,
1127 2945 1188 3026 ier·
1321 2975 1325 2982 ·

150 3041 358 3153 relligiones
387 3069 438 3130 ex
456 3041 654 3129 Morliole
670 3045 721 3132 V.
743 3045 807 3150 56.
967 3160 969 3166 .

263 3263 339 3349 Cui
368 3259 524 3366 credas,
553 3265 686 3378 Lupe,
716 3265 838 3354 filium
867 3267 1049 3384 magistro
1058 3327 1100 3390 ,¹

256 3376 424 3480 Quaeris
452 3379 633 3464 sollicitus
661 3379 752 3481 diu,
781 3407 981 3492 rogasque.
1263 3479 1273 3493 „

260 3489 410 3572 Omnes
438 3487 798 3602 Grammaticosque
826 3491 1094 3603 Rhetorasque

257 3597 446 3700 Deuites,
475 3629 642 3689 moneo:
670 3603 765 3688 nibil
792 3601 841 3689 fit
866 3605 922 3688 illi
1036 3682 1040 3692 .

260 3707 366 3794 Cum
390 3710 495 3798 libris
524 3714 750 3819 Ciceronis,
777 3735 845 3800 aut
873 3711 1061 3804 Maeonio.

256 3818 399 3908 Famae
425 3825 619 3917 Tutilium
646 3831 735 3918 luae
762 3826 965 3940 relinquat.

1091 4037 1094 4048 ,
1116 3947 1186 4046 uli
