2850 4720
161 243 232 314 mu
260 219 363 311 FIG.
388 217 551 357 SENT.
578 241 636 305 en
663 215 820 312 ELOC.
862 223 1005 316 errrt.
1068 255 1143 377 173
1193 247 1195 254 “

21 401 347 518 ’,ἰυρετίοτεὴ
361 395 426 486 sed
447 395 498 482 ad
519 392 807 483 accendendam
826 427 996 514 pugnam
1018 403 1152 498 dicen-

44 522 120 614 di
148 528 321 625 valent,
350 521 444 608 ficut
463 526 528 611 vel
544 517 668 634 magis
684 523 864 634 pleraque
880 543 1035 630 earum,
1053 560 1151 642 quae

50 653 397 760 consequentur.
470 644 642 760 Ideoque
681 645 723 732 δι
762 645 963 738 Aristoteli
1003 655 1046 742 dr
1080 663 1153 744 ite·

21 775 202 861 'ratio
229 773 307 882 ipsa
335 767 545 857 verborum
581 799 627 856 ac
659 770 901 874 nominum,
936 766 978 858 dt
1008 780 1153 889 repeti·
1193 774 1201 782 ’

47 899 142 985 tio
185 895 430 1008 frequentior
453 954 487 1012 ‚A
514 889 558 982 de
587 897 716 982 omnis
744 893 963 1010 hujusmodi
991 924 1146 1004 motus,

49 1021 244 1108 affloni
275 1025 400 1139 magis
426 1023 470 1108 de
487 1013 720 1122 certamini,
749 1049 863 1131 quam
885 1023 968 1112 stilo
990 1026 1146 1118 videtur

56 1143 325 1232 convenire.
382 1147 474 1250 Qua
502 1141 551 1229 de
570 1171 611 1228 re
640 1147 681 1230 in
703 1145 819 1228 tertio
838 1147 1143 1239 sthetoricomm

56 1269 198 1354 libro
235 1260 389 1354 disserit.
454 1266 602 1356 Verum
648 1264 766 1356 docet
802 1298 875 1355 noe
921 1272 965 1357 ὃς
986 1279 1146 1364 Demo.

63 1391 250 1476 sthenes
292 1391 334 1477 dr
370 1393 539 1496 Cicero,
590 1421 676 1480 eam
719 1389 869 1505 optime
926 1399 1146 1486 orationem

64 1510 173 1600 ess‘e
220 1509 502 1628 compositam,
539 1545 637 1629 quae
679 1545 768 1602 cum
807 1519 870 1603 illa
911 1541 1143 1608 ornamenta

62 1642 288 1752 parium,
326 1641 368 1726 dc
403 1646 722 1743 contrariorum,
759 1640 803 1728 dc
847 1644 1143 1737 immutatotur'ri

69 1771 306 1858 verborum
324 1771 482 1872 habeat,
513 1775 718 1884 exquibus
747 1765 895 1886 &ipis
915 1800 1044 1864 tamen
1064 1786 1141 1884 sae-
1253 1865 1257 1871 .

66 1924 131 2006 pe
170 1924 258 1980 non
283 1899 460 1982 ornatior
480 1925 597 2008 quam
624 1897 894 1985 vehementior
922 1900 965 1986 lit
989 1909 1139 2008 oratio,

68 2017 101 2104 fi
133 2022 182 2106 in
216 2041 391 2131 tempore
422 2015 465 2106 da
495 2049 585 2104 cum
613 2016 732 2106 modo
767 2013 1038 2122 assumantur,
1080 2043 1137 2108 ta·

71 2171 182 2228 men
205 2143 285 2243 hic,
313 2170 412 2254 quae
433 2169 547 2226 verae
579 2131 811 2228 adfectionis
836 2145 997 2252 speciem
1026 2151 1134 2256 prae*

71 2263 246 2363 ferunt,
276 2263 478 2349 excitetur.
513 2251 574 2346 sta'
589 2261 695 2346 enim
717 2267 887 2350 maxime
905 2273 1129 2380 exemplum

75 2389 126 2474 δι
149 2385 365 2500 imaginem
388 2387 562 2472 veritatis
583 2386 814 2472 continebit.
898 2487 908 2510 ι

982 2519 1130 2610 XXXI.

79 2877 184 2974 mmm
194 2875 464 2960 sententiarumque
489 2874 581 2962 infig-
623 2869 629 2906 ²
666 2875 889 2960 Affnnmntnr]
932 2874 993 2940 Ed.
1021 2872 1126 2939 therr.

85 2957 181 3025 nebus.
624 2955 790 3040 effarentur.

127 3123 185 3190 Vel
199 3128 296 3274 ample
306 3126 446 3210 pleraque
459 3123 582 3208 earum]
667 3117 779 3188 Temen
807 3118 888 3204 tan]
927 3119 986 3188 Ed.
1018 3119 1122 3188 Rhea.

83 3201 186 3291 Lege:
206 3229 242 3274 ue
282 3211 409 3276 maxiem
425 3208 579 3295 pleraeque
621 3217 684 3271 lum
700 3201 757 3271 bis.
822 3227 826 3234 ·
873 3273 880 3288 ,

83 3305 189 3353 earum.
209 3291 384 3378 Stephanus
400 3293 494 3360 etiarn
512 3295 577 3378 ple·

82 3386 192 3454 raeqtte.
663 3372 848 3456 similetur]
877 3369 936 3438 Ed.
960 3369 1063 3437 Rhen.
1078 3382 1118 3434 te·

618 3455 860 3532 aetanLeetio,
895 3475 965 3522 uarn
981 3455 1013 3518 in
1027 3471 1119 3521 textu

127 3530 163 3600 ln
178 3543 261 3606 terrm
292 3541 515 3610 Rheterlmrrtm
533 3540 570 3608 ll·
613 3534 827 3625 iepoluimus,
898 3537 928 3602 d.
951 3535 1065 3602 Venet.
1081 3539 1114 3604 dt

84 3610 158 3701 lto]
188 3619 276 3686 Haec
314 3627 447 3694 Aldinae
474 3624 568 3709 scrip
611 3623 746 3688 Aldinae
767 3622 829 3689 side
850 3621 970 3686 nititur.
1021 3619 1112 3686 Illam

83 3713 152 3764 tura
172 3701 225 3770 est.
264 3705 378 3774 Vener.
413 3705 569 3776 &Rham
611 3704 735 3774 secutm
751 3703 798 3770 est
813 3702 1006 3789 stephanus,
1029 3703 1112 3771 hane

81 3782 114 3846 ln
144 3789 222 3854 terrio
246 3787 472 3856 Rberoeleemm
495 3787 568 3858 libro
609 3785 771 3855 Pithoeus.

83 3867 187 3938 erlltm
229 3869 338 3941 mene
361 3872 407 3944 est
428 3889 495 3958 cap.
513 3888 563 3940 re.

1029 3943 1105 4022 Tam
