2916 4740
244 227 403 306 ‘xxst
474 209 1203 330 PRAEFATIO.¹

292 398 537 502 dationibus,
573 423 678 512 quas·
699 403 740 484 in
763 397 954 491 editionem
988 403 1156 513 nostram
1177 405 1321 518 recepi«

290 537 382 600 tous.

347 619 554 735 Nuoifflme
569 627 833 734 Argentorat'i
853 630 970 731 1756.
989 651 1025 731 4.
1048 624 1234 713 Rhetores
1253 633 1322 714 Pi·

290 737 443 824 tineam·
459 739 616 846 repetiti
615 735 713 848 sunt
729 765 811 822 eum
830 745 926 824 nutis
943 739 1094 824 Claudii
1105 740 1159 822 Ca
1183 757 1321 849 peron-

288 852 389 934 merii
398 905 410 946 ,
430 849 621 932 editionem
641 867 802 934 curante
810 837 908 934 Poll
921 850 1134 950 Christiano
1143 757 1318 959 ssangio,

288 965 354 1076 qui
381 963 497 1046 etiam
524 959 698 1045 editiones
715 962 1003 1046 Rhenanianam
1027 958 1084 1064 5?
1110 963 1315 1061 Aldinam,

257 1099 503 1186 ,quanquam
528 1074 796 1182 negligentius,
831 1073 1010 1174 eontulit,
1044 1072 1101 1176 &
1130 1069 1316 1184 coniellu·

286 1211 360 1271 ras
383 1189 424 1270 in
441 1185 630 1271 Rutilium
649 1183 704 1285 &⁹
721 1185 930 1296 Aquilam,
956 1209 1051 1294 quas
1077 1189 1145 1266 uir
1160 1183 1315 1296 quidam

286 1300 436 1404 egregie
450 1295 577 1382 lullus
601 1301 642 1380 im
668 1299 844 1405 margine
871 1295 1042 1382 editionis
1060 1295 1232 1382 llbennn.
1251 1321 1317 1380 no·

285 1422 437 1508 larat,
466 1405 620 1518 adjecit.
875 1421 881 1430 “
1275 1417 1280 1424 ’

340 1520 457 1604 initio
473 1519 786 1626 constitueramus·
799 1525 867 1606 uni
885 1522 1033 1606 Rutilio
1050 1521 1317 1632 bonooperum

282 1656 448 1718 nauare.
506 1633 611 1714 Nam
631 1636 817 1745 Aquilam
837 1633 895 1736 &
917 1635 1192 1739 Rufinianum,
1226 1657 1315 1744 quus

276 1756 442 1858 propter
482 1749 702 1850 argumenti
737 1744 1021 1850 ssmilitulinem
1067 1744 1312 1854 Stephanus,

283 1856 492 1959 Gesnerns,
521 1851 577 1958 69⁹
601 1854 671 1938 alii
692 1854 840 1940 Rutilio
852 1857 1095 1964 J'unxerant,
1125 1855 1312 1965 nonsatis

278 1965 429 2076 dignos,
457 1969 522 2080 qui
549 1989 632 2052 cum
658 1989 699 2050 eo
719 1968 1006 2076 jungerentur,
1027 1965 1308 2078 judicabamus.

279 2079 424 2168 Verum
441 2105 523 2162 curn
543 2081 714 2186 cogitare
737 2075 990 2190 sospiffemus,
1018 2096 1223 2192 utrumque
1238 2096 1309 2190 pa·

274 2217 361 2277 rem
375 2217 458 2274 eum
477 2189 624 2276 Rutilio
630 2187 779 2301 sortem
809 2195 850 2276 in
876 2189 1136 2302 Stephaniana
1159 2189 1323 2298 micina.

268 2297 448 2420 fiebitffe,
476 2303 804 2412 mutatoennstlin,
832 2327 892 2385 eos
908 2327 1048 2414 quoque
1064 2303 1117 2386 ad
1130 2309 1309 2415 antiqua·

275 2437 366 2500 rum
390 2411 591 2498 editionum
608 2411 724 2518 fidem
750 2412 1014 2512 rellituimus,
1055 2416 1239 2524 Aquilam
1256 2413 1313 2500 ad

275 2527 491 2628 Venetam,
527 2522 819 2608 Rhenanianam
855 2521 911 2627 &⁹
940 2523 1161 2624 Aldinam,
1200 2525 1307 2630 Rufi

272 2640 430 2720 mianum
457 2634 510 2719 ad
523 2631 650 2746 stolam
673 2635 976 2720 Rhenanianam.
1019 2639 1067 2720 In
1095 2635 1155 2719 his
1172 2662 1299 2720 recem-

153 2777 158 2786 ’
264 2747 393 2862 findis
422 2747 528 2833 nulla
554 2745 654 2834 nolis
685 2775 718 2832 a
741 2749 853 2832 libris
866 2747 1021 2860 scriptis
1035 2744 1305 2860 subfidiafue·

271 2875 368 2948 runt
378 2883 395 2955 ,·
423 2885 489 2946 nec
514 2863 620 2944 tanti
643 2858 889 2962 uidebatur,
923 2863 1024 2964 illa,
1062 2887 1144 2948 cum
1174 2862 1304 2971 nostra

273 2971 330 3081 θ’
348 2975 555 3058 amicorum
575 2973 765 3081 molestia,
790 2976 1021 3086 conquirere.

253 3121 262 3133 ·
329 3085 550 3197 Aquilam,
586 3083 750 3171 diximus
780 3103 821 3198 p.
855 3111 944 3190 140.
983 3088 1206 3190 inferiorem
1233 3084 1303 3196 effe

269 3213 437 3308 tempore
467 3199 761 3284 Antoninorum.
827 3198 939 3282 Nunc
972 3196 1174 3296 addimus,
1219 3223 1303 3282 eum

258 3311 500 3424 superiorem
519 3309 588 3418 elle
612 3337 707 3398 aeuo
728 3309 976 3418 conulensini.
1033 3309 1139 3393 Nam
1165 3307 1302 3416 lauda-

269 3437 375 3507 tura
387 3421 500 3530 Juliu
517 3405 741 3528 Rufiniuno,
758 3426 822 3535 qui
828 3417 905 3532 suh
924 3419 1161 3531 Cotyiante'uo
1178 3425 1299 3508 vixit.

270 3534 408 3642 Itaque
424 3535 583 3622 multum
591 3535 761 3645 fallitur
779 3535 876 3641 Jae.
902 3533 991 3618 iilic.
1022 3533 1176 3642 Loe'nfis
1202 3536 1298 3632 unt.

262 3642 379 3764 phyll.
408 3645 486 3732 III.
511 3653 573 3736 16.
593 3650 659 3773 qui
675 3673 757 3738 eum
774 3646 896 3741 eredit
907 3645 1146 3745 Maecenatis
1164 3643 1296 3844 effqlt'·

1232 3779 1296 3841 er-
