2916 4740
252 359 372 436 vm.
463 259 1152 440 nantenntoj

257 523 397 648 stnsus
415 545 549 644 animi
569 544 791 679 proferant
811 546 855 644 in
878 577 966 646 tam
979 546 1103 678 justis
1134 551 1292 678 iaetanss

256 717 300 818 di
320 713 513 820 caussis?
557 716 766 834 Etenim,
801 715 1025 854 quaesitis
1048 715 1120 814 Te
1154 719 1294 815 mani·
1331 761 1339 770 ·

257 888 339 988 bus
373 881 627 1003 finxerunt,
670 885 848 986 Tecum
874 879 1154 1002 habitarunt,
1197 881 1291 1012 Te-

256 1091 363 1167 cum
393 1057 689 1192 peregrinante
719 1051 842 1174 sunt,
875 1091 992 1160 nunc
1018 1058 1061 1154 in
1086 1051 1202 1160 idem
1228 1047 1293 1147 fa·

122 1318 125 1337 ,
256 1223 437 1362 stigium
463 1223 642 1324 Tecum
675 1222 970 1326 escenderunt.
1042 1237 1190 1324 Antea
1213 1217 1292 1321 fibi

256 1399 506 1500 timebanta
523 1399 774 1504 barbarie&
795 1401 1107 1534 ssipetstitione.
1144 1397 1292 1514 Nunc,

254 1557 366 1662 Tuo
390 1559 601 1698 praefidio
627 1561 788 1682 fretae,
824 1575 937 1700 qnos
966 1561 1113 1662 hostes
1147 1559 1293 1693 fugie-

255 1737 395 1858 bant,
450 1737 620 1872 fugant.
712 1741 861 1839 Antea
906 1738 1030 1871 saepe
1073 1739 1292 1844 nobilium

252 1907 492 2060 hominum
561 1905 682 2007 dinis
743 1905 1063 2008 vellicabantnr.
1124 1905 1291 2006 Nunc

251 2079 306 2190 ad
326 2081 519 2182 nominis
542 2079 634 2179 Tui
657 2081 935 2203 mentionem
968 2079 1290 2223 scurriliadica·

251 2249 358 2354 citas
391 2243 666 2348 obmutescit.
694 2321 696 2328 -
740 2247 913 2377 Quodsi
939 2249 1071 2354 etiam
1104 2249 1292 2390 optanti·

251 2423 334 2539 bus
358 2416 436 2520 fibi
464 2418 524 2524 stc
558 2415 787 2534 ceciderit,
823 2449 896 2538 ut,
932 2457 1065 2553 quam
1094 2421 1153 2518 sui
1180 2451 1291 2520 tute-

250 2587 345 2692 lam
364 2619 482 2686 nunc
517 2588 689 2720 privato
716 2580 900 2684 consilio
931 2585 1140 2708 sustines,
1190 2627 1289 2693 eam

253 2751 483 2890 aliquando
504 2749 673 2885 publica
692 2753 944 2858 aunoritate
964 2754 1190 2878 sustineas,
1227 2763 1292 2865 ni÷

251 2929 312 3034 hil
341 2924 417 3035 fibi
444 2923 497 3026 ad
527 2925 744 3030 summam
772 2923 1027 3034 felicitatem
1043 2933 1194 3054 ‚deesse
1216 2941 1289 3072 ju-

252 3087 469 3200 dicabunt.
543 3087 672 3191 Haec
709 3088 816 3196 Tibi
849 3091 1072 3234 Nitibrum
1106 3103 1290 3210 nomine

253 3255 536 3398 fignificanda
578 3257 767 3359 fuerunt.
853 3259 977 3360 Vale.
1037 3261 1289 3382 Scribebant

257 3431 435 3548 Leidae.
470 3465 509 3546 a,
545 3429 585 3534 d.
621 3467 692 3548 xx.
728 3429 844 3574 Junii
864 3461 1215 3560 Mochxvnt.

1066 3987 1283 4108 anna
1426 4127 1428 4130 .
