2836 4726
191 297 250 366 m
277 271 382 362 aro.
413 265 574 358 saur.
602 291 659 355 n
686 268 843 356 moe.
877 225 971 360 nn.
989 275 1039 369 n.
1096 300 1152 392 ῃ
1185 383 1190 394 ,

101 443 149 539 &
172 451 365 560 separatio
389 447 442 534 est
464 449 732 558 personarum,
752 463 821 530 aut
842 473 990 552 rerum,
1016 449 1060 536 δι
1082 450 1150 538 de.
1250 463 1262 478 ·

100 583 372 680 monstratio,
417 601 607 687 quantum
636 575 795 662 interfit.
853 577 1150 666 Hacasrart

105 703 425 818 Diuersastudia
443 701 723 818 adolescentium
738 709 903 789 animum
920 705 1152 794 advertera-

105 858 222 934 ηας,
250 832 402 938 tametst
415 829 581 940 fratres
613 847 759 926 erant,
787 856 857 914 uno
889 847 1004 943 atque
1029 836 1151 918 eodem

92 954 285 1068 sunguine
304 958 394 1042 orti.
452 955 577 1040 Alter
604 958 644 1038 in
657 951 790 1064 stadio
814 951 939 1036 laudis
961 950 1148 1064 uerjirba·
1262 1017 1264 1020 -

1051 1095 1148 1186 tur,

148 1448 293 1518 Animum
309 1455 548 1540 advntmmus]
566 1453 601 1522 F.
644 1452 757 1520 Rutilii
774 1451 882 1528 locos.
904 1469 973 1520 tum
993 1453 1045 1522 alii
1070 1452 1146 1521 aiio-

99 1537 414 1602 onimoduerterumus.
448 1535 601 1606 Gntuaa.
644 1555 733 1613 rum,
751 1553 830 1618 quos
859 1533 1004 1603 Davisrus
1028 1540 1066 1603 ad
1090 1536 1145 1602 Ci-

643 1637 708 1682 cer.
735 1619 758 1683 i.
785 1636 814 1682 c.
842 1618 973 1696 laudat,
1001 1615 1146 1685 sundino

139 1698 271 1786 Diuersa
299 1699 403 1786 siradio
440 1704 599 1788 odolescen-
642 1715 804 1766 evertunt.
845 1695 1050 1781 Sallustio.
1087 1719 1141 1787 ⁹3·

99 1785 176 1846 tium
201 1788 330 1850 antimum
353 1786 599 1872 adveneramus]
641 1783 771 1846 animum
781 1782 998 1844 advortitt'nter
1023 1802 1136 1848 oxon·

94 1863 182 1929 Edit.
212 1868 315 1933 Aldin.
340 1872 470 1934 animum
490 1872 596 1936 adver·
634 1875 740 1947 pentes
754 1862 1020 1930 corticancicero
1039 1861 1142 1930 dein·

94 1958 200 2013 tomus.
256 1949 323 2037 Gry
347 1951 417 2018 hius
442 1951 597 2032 deserto,
638 1961 725 2012 vent.
740 1945 780 2010 11.
792 1963 845 2027 5¹·
861 1947 1141 2032 naufragumque»-

92 2045 185 2110 quem
195 2027 311 2116 ubique
320 1971 403 2115 iiqur
415 2033 594 2116 solet,Ste-
637 2029 704 2092 dom
727 2039 901 2110 natantem,
922 2027 959 2124 β’
980 2047 1081 2092 monus
1099 2027 1141 2092 td

92 2109 224 2200 phano,
251 2115 349 2180 edidit
377 2117 593 2180 animadverte·
628 2109 663 2193 se
685 2113 849 2174 renidentem
877 2129 1007 2174 animum
1028 2113 1136 2176 ,adver-

91 2211 203 2256 romus.
226 2193 288 2258 Scd
304 2193 515 2261 infeliciorem
532 2198 593 2262 cri·
637 2203 746 2256 ierunt·
771 2209 805 2258 ut
822 2191 947 2258 eMSS·
972 2192 1139 2276 legendum

90 2271 142 2369 fin,
151 2277 293 2341 exercuit
307 2275 467 2370 Caufflnus
474 2298 505 2362 p.
520 2297 592 2374 379.
637 2271 733 2340 docet
750 2271 801 2340 Cl.
824 2273 1074 2361 Oudendorpiua

82 2355 593 2533 jxjjozdnaaeigggtoltejgssiusszgg
675 2439 766 2506 Alter
788 2443 821 2506 in
836 2436 934 2533 fludio
949 2441 1047 2506 laudis
1064 2461 1132 2508 uer·

87 2539 145 2582 mis
174 2523 405 2589 adveneramus.
460 2521 550 2591 Haec
571 2546 589 2590 a
621 2520 768 2608 stabulor]
789 2525 838 2605 Jo.
866 2523 1013 2590 Pricaeus
1031 2524 1069 2588 ad
1090 2525 1135 2590 A..

84 2596 235 2689 Gryphio
259 2605 451 2673 &Cauffino
468 2623 588 2674 mutata
630 2604 725 2688 pulei.
747 2606 886 2688 apolog.
902 2623 932 2690 p.
947 2623 1020 2692 ²03·
1036 2607 1133 2700 legit:

82 2683 164 2762 effe,
187 2705 251 2752 non
270 2707 458 2773 magnopere
477 2691 584 2756 miror.
629 2687 722 2752 Airer
736 2691 769 2752 io
776 2685 875 2771 studio
889 2689 986 2752 laudis
996 2691 1132 2774 versabo*

84 2761 259 2858 Gesnerum
281 2773 399 2849 miror,
416 2771 489 2854 qui,
514 2791 586 2838 curn
629 2779 686 2832 tur.
704 2769 877 2834 Veritirme.
899 2769 1034 2836 Stadium
1042 2817 1053 2850 ‚
1056 2771 1129 2858 spo·

81 2845 150 2926 ipse
167 2848 304 2914 nThes.
315 2850 354 2916 L.
372 2851 409 2918 L.
420 2872 451 2914 v.
469 2852 585 2918 Adver-
630 2851 903 2926 nummicolam
911 2851 1132 2920 sexcentiesad

80 2938 110 2991 to
133 2927 315 3014 docuissem,
332 2935 533 3000 animadverto
552 2938 583 3002 ά
629 2933 724 2994 tatem
748 2932 1008 2998 exercitationem
1027 2934 1131 2999 tradu-

81 3011 217 3075 onimum
247 3014 369 3078 adverto
405 3017 583 3100 promiscue
627 3027 750 3078 cuntur.
773 3011 889 3080 Cicero
905 3014 994 3080 Brut.
1008 3021 1062 3095 64.
1083 3031 1130 3077 ane

76 3091 172 3171 dici,
207 3113 312 3162 tamen
345 3098 504 3182 vulgatam
536 3101 580 3165 ie·
626 3095 832 3177 Muluianum
858 3095 987 3172 narius,
1020 3095 1129 3159 unitor

75 3173 214 3242 (tionem
244 3178 425 3246 mutandam
452 3183 585 3265 putarit.¹
625 3195 716 3246 uranos
730 3181 763 3241 in
772 3175 871 3260 fludio
890 3177 1126 3262 ejusdemloudis

75 3249 146 3321 Nisa
164 3256 253 3324 forre
276 3260 397 3328 summa
417 3263 449 3329 in
473 3262 521 3330 hir
542 3266 580 3332 ii·
623 3261 764 3324 exercuit.
790 3257 910 3324 Auitor
929 3261 966 3325 ad
982 3259 1122 3325 Herenn.

73 3335 150 3404 teria
174 3342 340 3411 auctoritas
365 3344 403 3412 R.
436 3345 577 3413 Bentic'i
621 3341 678 3413 ΙΙΙ.
700 3347 731 3406 6.
748 3343 885 3426 quonium
900 3342 933 3405 in
949 3345 1044 3408 eodem
1058 3343 1123 3403 vir·

73 3415 113 3480 ad
130 3415 276 3509 Ciceron.
302 3425 390 3512 Disp.
410 3425 512 3494 Tusc.
565 3477 574 3494 .
618 3427 690 3490 tutis
697 3419 795 3506 stadio
804 3420 876 3504 sant.
900 3425 1014 3508 quibus
1038 3421 1121 3490 lucia

70 3517 103 3563 2.
135 3497 190 3580 lpfi
232 3505 405 3588 persuasit,
444 3513 576 3574 animum
615 3525 690 3572 ante
715 3509 902 3574 Lambinum
922 3507 988 3589 pari
1012 3521 1120 3572 errore
1224 3588 1227 3594 1

68 3581 372 3674 aduertereabsolute
386 3589 512 3686 quidem
528 3592 574 3656 di·
609 3586 706 3673 studio
732 3589 903 3674 legebatur.
960 3585 1041 3649 Vide
1083 3603 1120 3655 ut

68 3681 120 3740 cr,
142 3677 177 3727 ut
202 3661 410 3736 Grammaticr
439 3671 573 3754 loquou·
614 3672 694 3736 aiios
717 3687 863 3749 taccam,
885 3634 1059 3737 Brouknurf
1076 3671 1117 3738 ad

67 3761 121 3808 tur
136 3790 149 3826 ,
183 3765 249 3812 non
287 3751 456 3820 tranfitive.
511 3753 573 3822 Sed
614 3753 761 3838 Propert.
782 3751 839 3822 ΠΙ.
863 3767 916 3816 20.
938 3768 989 3836 25.

66 3825 147 3898 iunc-
184 3830 372 3918 opinionem
411 3847 478 3906 tum
514 3835 570 3908 hic
1068 3923 1101 3990 F
