2916 4740
272 269 610 374 ORATORUM
653 267 1024 364 GRAECORUM.
1109 300 1179 372 txr

138 495 280 589 ceptor
303 473 517 557 Oratorum
528 523 542 566 ,
557 486 656 575 quos
675 458 860 572 deinceps
878 464 1180 578 recensebimus,

140 616 267 702 prope
289 583 476 670 omnium.
497 579 635 662 Cicero
654 570 703 657 de
729 577 844 660 Orat.
874 577 921 658 il.
956 603 1021 660 22.
1078 585 1180 668 Ecce
1270 579 1274 590 ’

142 701 219 788 ribi
236 711 391 784 exortus
414 689 465 801 cst
491 685 915 798 Isocrates,'magister
930 685 1088 796 ssorum
1104 719 1179 778 om·

141 817 266 904 nium,
296 810 403 918 cujus
419 831 441 889 a
457 801 568 903 ludo,
593 816 780 912 tauquam
799 819 851 884 'ex
872 825 964 912 equo
986 801 1180 916 Trojano,

139 925 237 1010 meri
258 926 449 1033 principes
476 918 693 999 exierunt:
716 908 790 1020 sed
812 936 940 996 eorum
970 919 1181 1024 partimin

133 1051 303 1149 pompa,
337 1033 488 1139 partim
513 1031 553 1110 in
571 1029 652 1110 acie
681 1021 847 1128 illustres
865 1021 935 1132 effe
959 1025 1176 1114 uoluerunt.
1228 1057 1231 1061 ·

138 1145 278 1258 Itaque
304 1142 362 1246 &⁹
391 1141 479 1239 illi,
516 1135 760 1248 Theopompi,
794 1133 962 1244 Ephori,
1000 1137 1211 1249 Philisti„

136 1257 403 1354 Naucratae,
447 1249 632 1362 multique
665 1248 739 1331 alii
772 1249 929 1332 naturis
957 1245 1176 1358 differunt:
1253 1343 1256 1350 ,

137 1372 340 1456 uoluntate
360 1380 487 1448 autem
503 1360 641 1474 fimiles
653 1355 767 1470 stant,
796 1355 853 1460 ἐφ’
869 1361 973 1442 iuter
991 1358 1101 1472 sese,
1119 1366 1178 1470 εξ

141 1478 341 1590 magistri:
370 1473 425 1578 εἰ
453 1478 508 1574 ii,
535 1467 657 1585 quise
672 1469 728 1556 ad
747 1467 894 1580 cauffas
911 1474 1174 1579 contulerunt,

141 1610 187 1678 ut
219 1585 514 1695 Bromium,
547 1581 796 1697 Hyperides,
832 1579 1061 1692 Lycurgum,
1097 1591 1179 1674 Ae.

127 1703 305 1818 schines,
332 1695 576 1800 Dinarchus,
603 1697 746 1808 aliique
773 1695 999 1804 complores,
1027 1699 1097 1804 etsi
1119 1704 1176 1786 in·

134 1836 200 1904 ter
218 1816 398 1927 separes
425 1835 499 1895 non
512 1807 713 1919 fuerunt,
741 1821 871 1892 tamen
878 1804 978 1916 stunt
995 1832 1117 1897 omnes
1134 1816 1176 1896 in

81 1971 86 1980 ,
135 1930 257 2015 eodem
288 1927 475 2010 ueritatis
500 1919 711 2006 imitandae
735 1943 879 2030 genere
900 1943 976 2004 uer
994 1925 1065 2004 ati.
1106 1925 1173 2009 ubi

136 2041 351 2126 Lambinus
371 2037 472 2120 bene
490 2034 615 2138 reiicit
634 2027 842 2142 gloffemn‚
871 2056 950 2139 quo
1004 2029 1054 2116 de
1073 2062 1176 2120 mur·

16 2225 20 2230 .
135 2153 229 2264 gine
246 2153 285 2232 in
304 2167 456 2231 textum
482 2142 808 2252 venit‚magister
823 2139 979 2251 piorum
998 2149 1172 2248 omnium,

137 2263 203 2344 coi
237 2259 372 2344 frustra
405 2252 587 2339 codicum
619 2255 841 2337 consensum
875 2253 1011 2358 obiicit
1046 2254 1171 2343 Zuch.

134 2371 327 2456 Peorcius.
386 2367 492 2451 Num
519 2367 698 2476 pleraque
714 2361 963 2474 glossemata,
993 2393 1089 2476 quae
1109 2375 1171 2457 uel

132 2485 174 2568 in
196 2485 409 2580 Cicerone,
443 2481 502 2562 vei
535 2479 575 2560 in
595 2479 678 2560 aliis
708 2475 954 2586 scriptoribus
982 2482 1172 2590 reperian-
1307 2567 1311 2573 ,

130 2619 218 2698 tur,
246 2592 454 2678 vetustiora
474 2587 806 2688 suntCodicibus‚
835 2587 901 2697 qui
920 2615 1028 2674 nunc
1046 2593 1170 2702 soper-

128 2711 222 2794 suot.
291 2705 369 2790 Sed
408 2705 511 2788 idem
549 2703 708 2813 grauius
741 2699 916 2810 peccauit
944 2702 1168 2814 recipienda

128 2819 380 2928 pessimorum
402 2817 589 2900 librorum
617 2813 830 2920 scriptura:
868 2826 996 2897 tamen
1013 2813 1110 2927 sunt
1127 2844 1166 2903 o-

133 2943 234 3014 nmes
251 2935 291 3012 io
307 2927 426 3011 eodem
443 2928 608 3011 virtutis
625 2923 835 3008 imitandae
837 2949 979 3034 genere
996 2925 1163 3037 uersati.

128 3041 272 3148 Neque
291 3039 398 3124 enim
418 3039 557 3122 vitium
575 3035 628 3122 est
647 3038 688 3120 in
705 3039 913 3138 ueritatis,
940 3032 1001 3119 sed
1021 3039 1062 3120 in
1080 3042 1164 3124 imi-

126 3155 278 3236 tardae.
310 3150 439 3256 Lege:
469 3167 597 3234 tamen
611 3146 709 3259 sunt
726 3173 845 3232 omnes
862 3153 901 3230 in
918 3145 1039 3232 eodem
1055 3153 1164 3235 oet-i·

127 3272 221 3368 tatis
239 3261 425 3348 tutandae
439 3286 582 3372 genere
597 3255 762 3371 uersati.
775 3261 921 3345 iictori
937 3263 1164 3362 veritatem,

128 3375 350 3458 conseruare
368 3375 657 3482 eloquentiam,
683 3397 782 3482 quae
798 3397 908 3455 ueras
928 3369 1070 3456 cuuffas
1085 3391 1162 3459 tra·

123 3481 239 3584 tint,
278 3510 359 3568 non
394 3483 504 3570 fietus
531 3481 580 3568 ud
610 3484 924 3569 ostentationem.
972 3483 1067 3568 Vim
1088 3509 1160 3571 vo·

120 3599 177 3681 cis
207 3597 363 3680 ueritas
386 3596 637 3703 explicuimus
660 3592 710 3679 ad
734 3595 855 3680 Rutil.
885 3595 934 3675 li.
964 3596 1003 3677 6.
1032 3587 1071 3706 p.
1089 3615 1161 3707 92.'
1215 3641 1218 3648 ·

117 3709 187 3793 De
218 3709 383 3790 isocrute
411 3701 573 3820 infignis
597 3707 716 3792 etiam
737 3708 844 3790 locus
871 3701 925 3786 est
954 3703 1156 3797 Ciceronis

1 3855 5 3864 ·
113 3819 227 3907 Brut.
251 3827 286 3908 8.
319 3845 433 3931 quem
453 3819 495 3907 &
518 3820 644 3934 ipsum
664 3819 900 3928 interpretes
919 3819 1019 3908 male
1046 3849 1158 3910 acce-

1090 3959 1156 4044 Pe·
