2916 4740
227 249 564 354 onuuouuu
590 249 960 372 chaucorum
1015 281 1173 352 mna

120 471 232 560 suam
263 459 554 556 revocavimus,
579 453 866 571 adjecimuuque
893 486 1079 550 numeros
1106 448 1168 576 ρῖζ

122 583 237 666 Nam
248 571 411 662 Diodor.
423 569 539 652 Situs.
549 567 697 652 XVsss.
713 570 1166 678 p.293.Demadismor.

125 713 209 779 tem
226 685 344 796 resert
360 681 410 766 ad
431 681 594 791 Olymp
614 678 740 768 CXV.
762 708 799 768 2.
830 684 883 766 Ut
902 710 1001 771 vero
1016 688 1168 776 Dema·

124 800 191 890 des
209 797 454 894 orationem,
479 819 557 902 qua
572 818 701 881 rerum
718 819 789 902 per
804 789 1014 882 duodecim
1032 825 1165 888 annos

123 915 208 1004 ase
233 907 427 1022 gestarum
454 903 649 994 rationem
677 901 868 1006 reddidit,
895 902 969 1016 aps
998 904 1026 994 i
1058 918 1164 1002 Aah·

122 1020 260 1125 ψόας
279 1014 487 1128 inscripsit,
515 1013 565 1100 sic
582 1016 805 1101 Demetrius
816 1015 1038 1128 Phalereus,
1068 1025 1165 1110 teste

121 1136 308 1244 Diogene
324 1131 453 1216 Laert.
474 1129 526 1211 V.
546 1133 610 1216 ur.
630 1123 779 1226 lihrunr'
790 1125 935 1238 scripsit
960 1133 1036 1240 arui
1060 1127 1162 1222 ih-

122 1247 292 1349 urrr'as,
321 1269 401 1353 quo
429 1268 514 1331 non
537 1238 796 1328 decennalem
821 1239 977 1345 Troiae.
993 1237 1162 1330 obsidio·

122 1353 216 1442 nem
239 1353 468 1454 enarravit,
501 1372 547 1436 nt
574 1351 707 1462 inepte
734 1353 894 1466 conjicit
915 1351 1161 1467 Menagiuu,

121 1465 187 1554 sed
209 1468 400 1552 rationem
418 1461 585 1576 reddidit
610 1461 742 1552 decem
774 1491 995 1566 annorum,
1023 1468 1166 1576 quihus

123 1579 201 1690 ipse
220 1577 449 1682 reipublicae
465 1573 681 1686 praefuerat
711 1579 859 1666 summa
890 1604 980 1664 curn
996 1577 1165 1674 audituri«,

123 1709 217 1776 tate.
239 1688 453 1796 {hystriam
470 1688 560 1784 Deli
577 1707 732 1797 praeter
742 1713 824 1774 rem
836 1687 1002 1774 Demadi
1014 1691 1163 1796 tribui,

123 1801 224 1891 bene
237 1798 388 1917 judicat
408 1799 601 1904 Fabricius
621 1797 813 1886 Bithr.
831 1801 920 1902 Vol.
932 1801 1002 1886 IV.
1014 1832 1051 1914 p.
1063 1826 1162 1910 421.

120 1911 220 2002 Non
236 1935 365 2004 autem
391 1907 589 2000 Demades
604 1909 749 2026 judicia
773 1911 815 1998 dt
834 1912 1049 1999 Oratorum
1076 1913 1160 2000 cerss

120 2028 268 2114 tamina
289 2025 454 2130 sustulit,
483 2021 546 2110 sed
570 2025 783 2134 Antipater
798 2023 884 2133 posi
900 2026 1090 2130 proelium
1108 2023 1161 2116 ad

119 2140 361 2236 Cranonem.
420 2139 556 2244 ltaque
584 2133 787 2238 nerbasis
812 2135 989 2250 urinum
1012 2138 1089 2224 dcc.
1108 2133 1162 2224 ad

120 2252 386 2356 Antipatrum
422 2246 692 2332 transtulimus.
756 2248 900 2334 Ultima
940 2248 1093 2354 verba,
1130 2259 1159 2366 ᾖ

119 2360 209 2478 μετ’
243 2360 468 2472 Ἀλέξαιψαι
503 2355 579 2442 &a
627 2354 702 2447 siue
733 2384 754 2442 e
787 2359 960 2470 sequenti
993 2363 1156 2452 articulo

118 2469 342 2564 revocanda
367 2468 465 2570 esse,
494 2463 645 2554 viderat
673 2472 790 2558 etiam
813 2466 1052 2558 dodhiisrmus
1070 2474 1155 2558 Ku-

117 2585 247 2674 herur.
304 2581 503 2668 Hactenus
535 2577 585 2666 de
620 2579 765 2666 Suidae
798 2585 896 2668 loro
958 2583 1159 2672 Demades

23 2713 28 2720 '
116 2701 235 2894 etialtp
264 2696 397 2890 attsitpit
418 2693 668 2893 Harpalicap}
687 2697 905 2891 pecrppiapn.
932 2697 1153 2900 ,Dimg‘

118 2839 152 2902 c.
223 2835 313 2892 emo
359 2836 384 2893 r.
423 2836 464 2918 p.
500 2833 589 2892 101.
699 2833 732 2890 c.
813 2837 841 2890 ri
874 2835 970 2922 ogi.
1000 2841 1038 2923 p.
1063 2839 1111 2898 io
1143 2875 1154 2899 .

10 2939 14 2948 '
116 2916 439 3030 Euthycratem,
495 2915 768 3028 Olynthium,
820 2917 868 3004 ab
906 2914 1157 3008 Atheniensi-
1319 2968 1326 2974 ·

117 3031 189 3123 bus
222 3027 383 3116 infamia
418 3047 630 3126 notatum,
664 3029 708 3114 in
733 3029 930 3142 integrum
962 3031 1155 3134 restituit,

115 3143 159 3230 dr
192 3141 391 3254 publicum
427 3139 618 3254 hospitem
649 3141 753 3228 fecit.
803 3141 913 3228 Suid.
940 3175 976 3228 v.
1019 3148 1153 3252 Aruas-

118 3264 186 3364 As.
251 3252 373 3362 Quod
408 3258 491 3371 ejus
509 3253 711 3342 decretum
735 3253 967 3365 Polyeutihus
996 3285 1152 3369 oppug-

114 3366 226 3464 narit
259 3369 464 3468 oratione,
493 3392 591 3480 quae
615 3363 792 3454 landatur
817 3365 866 3450 ab
893 3365 1042 3482 Aphne
1062 3369 1154 3468 Art.

112 3477 232 3566 Rhet.
271 3507 310 3590 p.
336 3501 432 3585 707.
496 3481 599 3566 Cum
628 3476 826 3568 Phocione
869 3479 919 3566 de
946 3480 1041 3564 urbe
1075 3481 1152 3566 tra·'

108 3586 243 3680 denda
260 3591 476 3694 Antipatro
497 3585 692 3676 consensit.
751 3589 889 3699 Nepos
908 3589 1091 3676 Phocion.
1115 3622 1150 3682 2.

106 3693 227 3797 &ibi
255 3699 480 3788 Lambinus.
509 3701 675 3800 Filium,
692 3703 835 3792 eximia
855 3699 983 3788 forma
1002 3703 1151 3818 praedig'

105 3836 230 3932 tum,
266 3812 447 3932 Phiiippo
479 3811 529 3902 ad
563 3833 693 3922 turpes
723 3813 947 3924 voluptates
983 3819 1149 3926 reliquit.

194 3945 224 3984 .·
275 3925 278 3936 ·
484 3929 489 3934 ·
553 3923 813 4030 aaaaa5
1030 3927 1152 4050 39110'3
