2836 4726
273 330 379 402 xciv
469 299 804 395 nrsrortrn
857 253 1162 410 nutrica,

280 493 406 585 'cauda
424 497 555 584 omnis
571 497 667 596 haee
682 493 890 604 disputatio
908 497 1161 610 institutaest.
1189 505 1330 614 Quaen*

276 613 435 697 rebatur
465 632 632 710 autern,
670 605 767 718 quid
780 603 852 711 fit,
880 633 1000 718 quare
1026 613 1230 728 Gorgias,
1251 621 1330 704 de.

278 745 364 810 cern
389 720 624 808 Oratoribus
650 720 824 822 Atticis,
863 721 925 831 qui
955 720 1057 808 bene
1080 723 1239 814 dicendi
1260 735 1329 817 lert

279 837 324 921 dc
346 862 487 920 norma
518 831 800 933 habebantur,
838 860 921 917 non
947 855 1181 940 contentus,
1225 845 1331 928 aiio-

277 975 367 1032 rum
394 950 514 1030 etiam
538 943 813 1030 auetoritatern
839 941 1097 1033 adhibendam
1127 951 1334 1040 existima·

276 1059 353 1148 tit?
384 1055 753 1166 Antiqtriffirnorurn
790 1053 1057 1168 magistrorum
1077 1059 1116 1144 in
1139 1059 1328 1149 Rhetori-

279 1199 326 1258 ca
344 1167 561 1256 &Potitios
580 1165 797 1253 illustranda
820 1167 914 1253 haec
934 1171 1032 1254 ratio
1059 1169 1163 1272 fnit,
1192 1192 1237 1258 ut
1251 1195 1326 1287 pet

280 1309 419 1372 omnes
443 1279 691 1366 Oratores&
711 1281 849 1364 Po'etas
871 1282 1023 1391 vagati,
1052 1282 1147 1394 quid
1165 1287 1204 1368 in
1224 1313 1326 1396 quo·

280 1422 355 1506 que
374 1395 523 1480 rectum
541 1393 583 1476 de
604 1395 781 1506 pulcrum
812 1389 1061 1503 reperiss'ent,
1093 1395 1325 1506 laudarent,

280 1509 324 1593 ἃ
342 1503 392 1592 ad
414 1502 650 1592 imitandum
669 1525 963 1618 proponerent,
992 1505 1085 1616 quid
1105 1512 1146 1596 in
1168 1537 1326 1622 quoque

279 1621 484 1714 vitiosum,
513 1616 867 1727 reprehenderent,
899 1617 944 1704 dr
981 1619 1030 1704 ad
1061 1623 1325 1708 imitationem

280 1729 516 1814 trahendum
535 1753 736 1842 negarent.
775 1731 889 1834 Quae
907 1758 966 1814 res
979 1743 1069 1816 'non
1099 1733 1221 1843 potest
1240 1761 1324 1820 rne-

229 1889 235 1904 ·
279 1843 377 1941 lius,
406 1869 522 1953 quarn
551 1841 764 1927 Aristotelis
792 1846 997 1953 exemplo,
1038 1843 1232 1932 deciarari.
1288 1851 1326 1930 is

280 1956 323 2039 in
347 1951 502 2040 dicendi
532 1955 748 2064 praeceptis
776 1952 974 2039 tradendis
994 1957 1129 2044 senon
1152 1961 1218 2042 uni
1238 1960 1324 2064 Dee

281 2065 500 2165 mostheni,
528 2088 596 2150 aur
615 2066 766 2175 reliquis
783 2093 932 2154 norem
949 2065 1327 2180 Oratoribus,quaii

282 2179 325 2264 in
348 2179 573 2266 servitutem
606 2174 791 2280 addixit,
829 2177 892 2263 sed
911 2206 960 2263 ex
982 2179 1205 2286 Androcle,
1230 2183 1325 2267 Ari-

282 2289 526 2402 stophonte,
576 2291 798 2402 Iphicrate,
835 2289 1132 2400 Cephisodoto,
1169 2296 1327 2402 aliisque

283 2403 416 2488 multis
435 2401 792 2486 excellentiffimum
811 2401 992 2512 quodque
1006 2405 1157 2489 libavit.
1230 2407 1329 2492 Poe·-

195 2530 199 2539 “
284 2516 379 2600 tices
424 2516 636 2626 praeceptis
669 2513 894 2600 illustrandis
933 2521 1112 2626 exempla
1148 2521 1327 2625 quamvis

281 2627 405 2710 multa
432 2627 670 2735 suppeditare
699 2645 884 2734 poterant
911 2625 1140 2726 Homerus,
1181 2627 1329 2715 Pinda-

283 2763 368 2832 rus,
397 2733 700 2846 Aristopiranes,
738 2737 973 2849 Sophocles,
1010 2740 1051 2820 in
1071 2739 1140 2822 suo
1160 2740 1331 2849 quisque

285 2873 428 2962 genere
456 2849 660 2960 principes.
726 2851 786 2934 At
814 2847 1328 2961 1118,Ειιηκὶάοεῑεηὶ,Μεὁ

287 2959 567 3074 lanippidenr,
611 2957 954 3068 Anaxandridem,
997 2963 1329 3078 Dicaeogenem,

287 3075 461 3186 aliosque
485 3073 625 3184 plures
671 3071 916 3160 adumendos
972 3079 1140 3186 putavit.
1202 3073 1328 3180 Quod

289 3189 383 3302 quin
413 3185 517 3272 redte
536 3183 696 3290 fecerit,
723 3214 805 3274 non
834 3187 961 3296 potest
979 3185 1163 3289 dubitari.
1194 3189 1328 3288 Nam,

288 3325 333 3389 ut
372 3297 511 3384 Cicero
552 3295 647 3384 dreit
689 3297 739 3386 de
775 3297 929 3386 invent.
962 3297 1011 3384 ΙΙ.
1042 3311 1095 3384 2.'
1125 3299 1166 3387 ln
1183 3299 1329 3412 studiis

297 3411 481 3502 amultis
510 3409 650 3520 eligere
677 3411 841 3498 homines
869 3407 1186 3525 cammodiffimurn
1216 3413 1328 3526 quod·

288 3557 360 3644 que
372 3585 386 3630 ‚
413 3528 525 3641 quam
541 3521 627 3634 sese
657 3527 724 3607 uni
755 3523 872 3608 alicui
908 3541 1011 3628 certo
1053 3529 1190 3611 uolunt
1219 3525 1326 3609 addi·

203 3661 211 3688 “·
287 3665 384 3726 cere.
445 3635 523 3725 Sed
541 3635 634 3722 haec
659 3639 759 3722 ratio
783 3659 931 3722 mutata
958 3635 1010 3722 est
1031 3657 1109 3736 tern
1141 3664 1210 3723 ore
1235 3639 1328 3722 Pto

288 3757 540 3838 lernaeorum.
591 3751 731 3835 Exorti
756 3754 862 3845 enirn
884 3754 971 3844 sunt
996 3747 1076 3836 duo
1098 3669 1252 3838 diurno
1270 3751 1329 3833 in·

288 3862 466 3982 genio&
487 3861 669 3980 singulari
685 3861 869 3952 dodrina
888 3861 1050 3964 Critici,
1087 3863 1337 4062 Aristarchns‘
