<?xml version="1.0" encoding="UTF-8"?>
<!DOCTYPE html PUBLIC "-//W3C//DTD XHTML 1.0 Transitional//EN"
    "http://www.w3.org/TR/xhtml1/DTD/xhtml1-transitional.dtd">
<html xmlns="http://www.w3.org/1999/xhtml" xml:lang="en" lang="en">
 <head>
  <title>
</title>
<meta http-equiv="Content-Type" content="text/html;charset=utf-8" />
  <meta name='ocr-system' content='tesseract 3.04.00' />
  <meta name='ocr-capabilities' content='ocr_page ocr_carea ocr_par ocr_line ocrx_word'/>
</head>
<body>
  <div class='ocr_page' id='page_1' title='image "./defigurissenten00romagoog_0070.png"; bbox 0 0 2916 4740; ppageno 0'>
   <div class='ocr_carea' id='block_1_1' title="bbox 302 229 1171 341">
    <p class='ocr_par' dir='ltr' id='par_1_1' title="bbox 302 229 1171 341">
     <span class='ocr_line' id='line_1_1' title="bbox 302 229 1171 341; baseline 0.001 -1"><span class='ocrx_word' id='word_1_1' title='bbox 302 277 411 341; x_wconf 80' lang='lat' dir='ltr'>rxrr</span> <span class='ocrx_word' id='word_1_2' title='bbox 476 229 830 331; x_wconf 84' lang='lat' dir='ltr'><strong>HISTORIA</strong></span> <span class='ocrx_word' id='word_1_3' title='bbox 885 241 1171 340; x_wconf 85' lang='lat' dir='ltr'>CRlTlCA</span> 
     </span>
    </p>
   </div>
   <div class='ocr_carea' id='block_1_2' title="bbox 188 431 1448 3792">
    <p class='ocr_par' dir='ltr' id='par_1_2' title="bbox 188 431 1448 3792">
     <span class='ocr_line' id='line_1_2' title="bbox 303 431 1354 552; baseline 0.01 -33"><span class='ocrx_word' id='word_1_4' title='bbox 303 433 592 532; x_wconf 84' lang='lat' dir='ltr'>fundentium,</span> <span class='ocrx_word' id='word_1_5' title='bbox 630 432 723 518; x_wconf 86' lang='lat' dir='ltr'>mihi</span> <span class='ocrx_word' id='word_1_6' title='bbox 750 431 1002 544; x_wconf 84' lang='lat' dir='ltr'>suspicionem</span> <span class='ocrx_word' id='word_1_7' title='bbox 1033 443 1194 552; x_wconf 85' lang='lat' dir='ltr'>injecit,</span> <span class='ocrx_word' id='word_1_8' title='bbox 1221 465 1270 526; x_wconf 88' lang='lat' dir='ltr'>an</span> <span class='ocrx_word' id='word_1_9' title='bbox 1299 441 1354 528; x_wconf 81' lang='lat' dir='ltr'>in</span> 
     </span>
     <span class='ocr_line' id='line_1_3' title="bbox 303 545 1356 658; baseline 0.004 -22"><span class='ocrx_word' id='word_1_10' title='bbox 303 549 512 636; x_wconf 74' lang='lat' dir='ltr'>Aristotele</span> <span class='ocrx_word' id='word_1_11' title='bbox 532 546 689 629; x_wconf 84' lang='lat' dir='ltr'>Rhetor.</span> <span class='ocrx_word' id='word_1_12' title='bbox 710 545 736 630; x_wconf 88' lang='grc' dir='ltr'>Ι.</span> <span class='ocrx_word' id='word_1_13' title='bbox 766 573 803 652; x_wconf 92' lang='lat' dir='ltr'>p.</span> <span class='ocrx_word' id='word_1_14' title='bbox 830 566 920 650; x_wconf 80' lang='lat'><strong>232.</strong></span> <span class='ocrx_word' id='word_1_15' title='bbox 949 575 1022 658; x_wconf 86' lang='lat' dir='ltr'>pro</span> <span class='ocrx_word' id='word_1_16' title='bbox 1043 551 1282 658; x_wconf 66' lang='grc' dir='ltr'>Ἀλκίὲὶιμας</span> <span class='ocrx_word' id='word_1_17' title='bbox 1304 560 1356 640; x_wconf 65' lang='grc' dir='ltr'>οἳ</span> 
     </span>
     <span class='ocr_line' id='line_1_4' title="bbox 308 653 1362 771; baseline 0.008 -27"><span class='ocrx_word' id='word_1_18' title='bbox 308 658 373 768; x_wconf 67' lang='lat' dir='ltr'>‘roi</span> <span class='ocrx_word' id='word_1_19' title='bbox 404 673 627 763; x_wconf 74' lang='grc' dir='ltr'>Μιωηηακᾷ</span> <span class='ocrx_word' id='word_1_20' title='bbox 660 653 871 768; x_wconf 79' lang='lat' dir='ltr'>legendum</span> <span class='ocrx_word' id='word_1_21' title='bbox 907 653 953 742; x_wconf 86' lang='lat' dir='ltr'>fit</span> <span class='ocrx_word' id='word_1_22' title='bbox 985 658 1187 764; x_wconf 59' lang='lat' dir='ltr'>Arbitrum</span> <span class='ocrx_word' id='word_1_23' title='bbox 1212 674 1256 750; x_wconf 71' lang='grc' dir='ltr'>ὠ</span> <span class='ocrx_word' id='word_1_24' title='bbox 1286 665 1362 771; x_wconf 57' lang='grc' dir='ltr'>τό</span> 
     </span>
     <span class='ocr_line' id='line_1_5' title="bbox 304 767 1358 872; baseline 0.006 -16"><span class='ocrx_word' id='word_1_25' title='bbox 304 769 536 872; x_wconf 56' lang='lat' dir='ltr'>Memnona?</span> <span class='ocrx_word' id='word_1_26' title='bbox 547 825 561 870; x_wconf 84' lang='lat'>‚</span> <span class='ocrx_word' id='word_1_27' title='bbox 602 789 654 852; x_wconf 84' lang='lat' dir='ltr'>-ut</span> <span class='ocrx_word' id='word_1_28' title='bbox 678 767 772 852; x_wconf 89' lang='lat' dir='ltr'>haec</span> <span class='ocrx_word' id='word_1_29' title='bbox 800 767 925 853; x_wconf 91' lang='lat' dir='ltr'>oratio</span> <span class='ocrx_word' id='word_1_30' title='bbox 967 769 1095 856; x_wconf 88' lang='lat' dir='ltr'>habita</span> <span class='ocrx_word' id='word_1_31' title='bbox 1131 771 1176 856; x_wconf 81' lang='lat' dir='ltr'>fit</span> <span class='ocrx_word' id='word_1_32' title='bbox 1203 798 1358 862; x_wconf 86' lang='lat' dir='ltr'>contra</span> 
     </span>
     <span class='ocr_line' id='line_1_6' title="bbox 304 877 1357 992; baseline 0.002 -26"><span class='ocrx_word' id='word_1_33' title='bbox 304 883 507 966; x_wconf 75' lang='lat' dir='ltr'>Callil&#39;tratt</span> <span class='ocrx_word' id='word_1_34' title='bbox 524 881 742 964; x_wconf 85' lang='lat' dir='ltr'>orationem</span> <span class='ocrx_word' id='word_1_35' title='bbox 771 877 798 961; x_wconf 77' lang='lat' dir='ltr'>ir</span> <span class='ocrx_word' id='word_1_36' title='bbox 824 887 877 984; x_wconf 69' lang='grc' dir='ltr'>τῇ</span> <span class='ocrx_word' id='word_1_37' title='bbox 893 893 1110 991; x_wconf 56' lang='lat' dir='ltr'>Mauram?</span> <span class='ocrx_word' id='word_1_38' title='bbox 1135 888 1357 992; x_wconf 63' lang='grc' dir='ltr'>δικλησίῳ,</span> 
     </span>
     <span class='ocr_line' id='line_1_7' title="bbox 306 988 1354 1105; baseline 0.004 -29"><span class='ocrx_word' id='word_1_39' title='bbox 306 1021 420 1102; x_wconf 87' lang='lat' dir='ltr'>qoam</span> <span class='ocrx_word' id='word_1_40' title='bbox 442 988 571 1076; x_wconf 86' lang='lat' dir='ltr'>laudat</span> <span class='ocrx_word' id='word_1_41' title='bbox 589 992 814 1076; x_wconf 82' lang='lat' dir='ltr'>Aristoteles</span> <span class='ocrx_word' id='word_1_42' title='bbox 839 991 954 1078; x_wconf 83' lang='lat' dir='ltr'>Rhet.</span> <span class='ocrx_word' id='word_1_43' title='bbox 974 998 1038 1079; x_wconf 84' lang='lat' dir='ltr'>tlt.</span> <span class='ocrx_word' id='word_1_44' title='bbox 1071 1025 1108 1105; x_wconf 89' lang='lat' dir='ltr'>p.</span> <span class='ocrx_word' id='word_1_45' title='bbox 1128 1015 1222 1102; x_wconf 85' lang='lat'>739.</span> <span class='ocrx_word' id='word_1_46' title='bbox 1253 999 1354 1081; x_wconf 86' lang='lat' dir='ltr'>Dis-</span> 
     </span>
     <span class='ocr_line' id='line_1_8' title="bbox 307 1102 1354 1216; baseline 0.002 -26"><span class='ocrx_word' id='word_1_47' title='bbox 307 1102 451 1190; x_wconf 80' lang='lat' dir='ltr'>tensrffe</span> <span class='ocrx_word' id='word_1_48' title='bbox 476 1106 579 1187; x_wconf 87' lang='lat' dir='ltr'>inter</span> <span class='ocrx_word' id='word_1_49' title='bbox 605 1107 640 1188; x_wconf 88' lang='lat' dir='ltr'>se</span> <span class='ocrx_word' id='word_1_50' title='bbox 667 1103 738 1188; x_wconf 82' lang='lat' dir='ltr'>hos</span> <span class='ocrx_word' id='word_1_51' title='bbox 765 1103 986 1206; x_wconf 82' lang='lat' dir='ltr'>Oratores,</span> <span class='ocrx_word' id='word_1_52' title='bbox 1025 1109 1156 1216; x_wconf 80' lang='lat' dir='ltr'>paullo</span> <span class='ocrx_word' id='word_1_53' title='bbox 1175 1125 1267 1191; x_wconf 88' lang='lat' dir='ltr'>ante</span> <span class='ocrx_word' id='word_1_54' title='bbox 1286 1112 1354 1192; x_wconf 89' lang='lat' dir='ltr'>vi·</span> 
     </span>
     <span class='ocr_line' id='line_1_9' title="bbox 305 1212 1348 1328; baseline 0.005 -27"><span class='ocrx_word' id='word_1_55' title='bbox 305 1215 446 1302; x_wconf 85' lang='lat' dir='ltr'>dimus.</span> <span class='ocrx_word' id='word_1_56' title='bbox 477 1212 555 1298; x_wconf 87' lang='lat' dir='ltr'>Sed</span> <span class='ocrx_word' id='word_1_57' title='bbox 576 1241 658 1300; x_wconf 90' lang='lat' dir='ltr'>non</span> <span class='ocrx_word' id='word_1_58' title='bbox 684 1233 842 1325; x_wconf 86' lang='lat' dir='ltr'>oportet</span> <span class='ocrx_word' id='word_1_59' title='bbox 872 1216 991 1299; x_wconf 89' lang='lat' dir='ltr'>nimis</span> <span class='ocrx_word' id='word_1_60' title='bbox 1016 1215 1091 1302; x_wconf 85' lang='lat' dir='ltr'>effe</span> <span class='ocrx_word' id='word_1_61' title='bbox 1108 1217 1348 1328; x_wconf 81' lang='lat' dir='ltr'><strong>suspicacem.</strong></span> 
     </span>
     <span class='ocr_line' id='line_1_10' title="bbox 365 1327 1350 1438; baseline 0.006 -26"><span class='ocrx_word' id='word_1_62' title='bbox 365 1331 595 1412; x_wconf 73' lang='lat' dir='ltr'>Laronnorr.</span> <span class='ocrx_word' id='word_1_63' title='bbox 644 1327 703 1408; x_wconf 79' lang='lat' dir='ltr'>Ex</span> <span class='ocrx_word' id='word_1_64' title='bbox 732 1330 814 1434; x_wconf 79' lang='lat' dir='ltr'>ejus</span> <span class='ocrx_word' id='word_1_65' title='bbox 851 1341 925 1438; x_wconf 77' lang='lat' dir='ltr'>pro</span> <span class='ocrx_word' id='word_1_66' title='bbox 958 1328 1134 1414; x_wconf 84' lang='lat' dir='ltr'>Chabria</span> <span class='ocrx_word' id='word_1_67' title='bbox 1167 1333 1350 1418; x_wconf 80' lang='lat' dir='ltr'>oratione</span> 
     </span>
     <span class='ocr_line' id='line_1_11' title="bbox 305 1437 1448 1551; baseline 0.003 -26"><span class='ocrx_word' id='word_1_68' title='bbox 305 1439 570 1550; x_wconf 77' lang='lat' dir='ltr'>fragmentum</span> <span class='ocrx_word' id='word_1_69' title='bbox 581 1437 696 1522; x_wconf 88' lang='lat' dir='ltr'>habet</span> <span class='ocrx_word' id='word_1_70' title='bbox 708 1437 928 1524; x_wconf 86' lang='lat' dir='ltr'>Aristoteles</span> <span class='ocrx_word' id='word_1_71' title='bbox 939 1439 1100 1526; x_wconf 86' lang='lat' dir='ltr'>Rhetor.</span> <span class='ocrx_word' id='word_1_72' title='bbox 1117 1441 1179 1524; x_wconf 85' lang='grc' dir='ltr'><strong>ΙΙΙ.</strong></span> <span class='ocrx_word' id='word_1_73' title='bbox 1196 1448 1345 1551; x_wconf 79' lang='lat' dir='ltr'><strong>p.653.</strong></span> <span class='ocrx_word' id='word_1_74' title='bbox 1447 1483 1448 1504; x_wconf 52' lang='lat' dir='ltr'>r</span> 
     </span>
     <span class='ocr_line' id='line_1_12' title="bbox 305 1549 1349 1661; baseline 0.003 -24"><span class='ocrx_word' id='word_1_75' title='bbox 305 1559 444 1661; x_wconf 88' lang='lat' dir='ltr'>inquo</span> <span class='ocrx_word' id='word_1_76' title='bbox 466 1577 557 1636; x_wconf 88' lang='lat' dir='ltr'>curn</span> <span class='ocrx_word' id='word_1_77' title='bbox 580 1549 747 1648; x_wconf 85' lang='lat' dir='ltr'>statuae,</span> <span class='ocrx_word' id='word_1_78' title='bbox 777 1577 894 1659; x_wconf 88' lang='lat' dir='ltr'>quarn</span> <span class='ocrx_word' id='word_1_79' title='bbox 905 1553 1056 1660; x_wconf 81' lang='lat' dir='ltr'>,Nepos</span> <span class='ocrx_word' id='word_1_80' title='bbox 1074 1551 1214 1638; x_wconf 84' lang='lat' dir='ltr'>Chabr.</span> <span class='ocrx_word' id='word_1_81' title='bbox 1241 1582 1271 1639; x_wconf 90' lang='lat'>1.</span> <span class='ocrx_word' id='word_1_82' title='bbox 1301 1557 1349 1640; x_wconf 74' lang='grc' dir='ltr'>δι</span> 
     </span>
     <span class='ocr_line' id='line_1_13' title="bbox 304 1659 1448 1777; baseline 0.001 -27"><span class='ocrx_word' id='word_1_83' title='bbox 304 1663 473 1750; x_wconf 91' lang='lat' dir='ltr'>Diodor.</span> <span class='ocrx_word' id='word_1_84' title='bbox 500 1663 615 1746; x_wconf 87' lang='lat' dir='ltr'>Sicol.</span> <span class='ocrx_word' id='word_1_85' title='bbox 643 1659 732 1776; x_wconf 82' lang='lat' dir='ltr'>XV.</span> <span class='ocrx_word' id='word_1_86' title='bbox 761 1689 800 1770; x_wconf 88' lang='lat' dir='ltr'>p.</span> <span class='ocrx_word' id='word_1_87' title='bbox 830 1671 892 1750; x_wconf 90' lang='lat'>28.</span> <span class='ocrx_word' id='word_1_88' title='bbox 952 1664 1142 1750; x_wconf 83' lang='lat' dir='ltr'>Chabriae</span> <span class='ocrx_word' id='word_1_89' title='bbox 1179 1665 1345 1777; x_wconf 86' lang='lat' dir='ltr'>pofitam</span> <span class='ocrx_word' id='word_1_90' title='bbox 1447 1717 1448 1766; x_wconf 58' lang='lat' dir='ltr'>r</span> 
     </span>
     <span class='ocr_line' id='line_1_14' title="bbox 202 1769 1448 1879; baseline 0.005 -19"><span class='ocrx_word' id='word_1_91' title='bbox 202 1855 207 1867; x_wconf 86' lang='grc'><strong>,</strong></span> <span class='ocrx_word' id='word_1_92' title='bbox 304 1793 497 1872; x_wconf 82' lang='lat' dir='ltr'>narrant,</span> <span class='ocrx_word' id='word_1_93' title='bbox 533 1773 684 1856; x_wconf 88' lang='lat' dir='ltr'>mentio</span> <span class='ocrx_word' id='word_1_94' title='bbox 721 1769 824 1873; x_wconf 76' lang='lat' dir='ltr'>fiat,</span> <span class='ocrx_word' id='word_1_95' title='bbox 863 1777 1010 1860; x_wconf 84' lang='lat' dir='ltr'>clarum</span> <span class='ocrx_word' id='word_1_96' title='bbox 1042 1775 1129 1879; x_wconf 85' lang='lat' dir='ltr'>est,</span> <span class='ocrx_word' id='word_1_97' title='bbox 1169 1777 1270 1864; x_wconf 87' lang='lat' dir='ltr'>hanc</span> <span class='ocrx_word' id='word_1_98' title='bbox 1296 1807 1344 1866; x_wconf 92' lang='lat' dir='ltr'>o·</span> <span class='ocrx_word' id='word_1_99' title='bbox 1447 1771 1448 1788; x_wconf 18' lang='grc' dir='ltr'><strong><em>Ν</em></strong></span> 
     </span>
     <span class='ocr_line' id='line_1_15' title="bbox 305 1881 1247 2000; baseline 0.003 -29"><span class='ocrx_word' id='word_1_100' title='bbox 305 1887 498 1972; x_wconf 86' lang='lat' dir='ltr'>rationem</span> <span class='ocrx_word' id='word_1_101' title='bbox 529 1883 696 1967; x_wconf 75' lang='lat' dir='ltr'>habitam</span> <span class='ocrx_word' id='word_1_102' title='bbox 725 1881 801 1968; x_wconf 86' lang='lat' dir='ltr'>eiie</span> <span class='ocrx_word' id='word_1_103' title='bbox 833 1883 918 1994; x_wconf 86' lang='lat' dir='ltr'>post</span> <span class='ocrx_word' id='word_1_104' title='bbox 946 1889 1111 2000; x_wconf 87' lang='lat' dir='ltr'><strong>Olymp.</strong></span> <span class='ocrx_word' id='word_1_105' title='bbox 1143 1891 1189 1974; x_wconf 88' lang='lat' dir='ltr'>C.</span> <span class='ocrx_word' id='word_1_106' title='bbox 1209 1915 1247 1995; x_wconf 88' lang='lat'>4.</span> 
     </span>
     <span class='ocr_line' id='line_1_16' title="bbox 358 1990 1343 2113; baseline 0.004 -31"><span class='ocrx_word' id='word_1_107' title='bbox 358 1990 546 2096; x_wconf 84' lang='lat' dir='ltr'>Coccos&#39;‚</span> <span class='ocrx_word' id='word_1_108' title='bbox 576 1993 858 2094; x_wconf 70' lang='lat' dir='ltr'>Atheniense,</span> <span class='ocrx_word' id='word_1_109' title='bbox 894 1999 1067 2083; x_wconf 85' lang='lat' dir='ltr'>Isocratis</span> <span class='ocrx_word' id='word_1_110' title='bbox 1104 1997 1343 2113; x_wconf 85' lang='lat' dir='ltr'>discipulus,</span> 
     </span>
     <span class='ocr_line' id='line_1_17' title="bbox 305 2105 1345 2214; baseline 0.004 -18"><span class='ocrx_word' id='word_1_111' title='bbox 305 2110 399 2196; x_wconf 82' lang='lat' dir='ltr'>teste</span> <span class='ocrx_word' id='word_1_112' title='bbox 429 2105 548 2192; x_wconf 85' lang='lat' dir='ltr'>Suida</span> <span class='ocrx_word' id='word_1_113' title='bbox 574 2107 614 2190; x_wconf 91' lang='lat' dir='ltr'>in</span> <span class='ocrx_word' id='word_1_114' title='bbox 649 2137 687 2190; x_wconf 89' lang='lat' dir='ltr'>v.</span> <span class='ocrx_word' id='word_1_115' title='bbox 716 2108 795 2193; x_wconf 87' lang='lat' dir='ltr'>Sed</span> <span class='ocrx_word' id='word_1_116' title='bbox 819 2109 1107 2214; x_wconf 67' lang='lat' dir='ltr'>Qrinttilianus</span> <span class='ocrx_word' id='word_1_117' title='bbox 1126 2143 1215 2200; x_wconf 90' lang='lat' dir='ltr'>eum</span> <span class='ocrx_word' id='word_1_118' title='bbox 1236 2113 1345 2200; x_wconf 79' lang='lat' dir='ltr'>vide-</span> 
     </span>
     <span class='ocr_line' id='line_1_18' title="bbox 306 2217 1343 2326; baseline 0.003 -18"><span class='ocrx_word' id='word_1_119' title='bbox 306 2245 369 2308; x_wconf 85' lang='lat' dir='ltr'>tur</span> <span class='ocrx_word' id='word_1_120' title='bbox 398 2221 659 2326; x_wconf 86' lang='lat' dir='ltr'>antiquiorem</span> <span class='ocrx_word' id='word_1_121' title='bbox 688 2217 849 2308; x_wconf 82' lang='lat' dir='ltr'>statuere</span> <span class='ocrx_word' id='word_1_122' title='bbox 884 2251 970 2308; x_wconf 91' lang='lat' dir='ltr'>non</span> <span class='ocrx_word' id='word_1_123' title='bbox 1002 2225 1123 2312; x_wconf 88' lang='lat' dir='ltr'>solum</span> <span class='ocrx_word' id='word_1_124' title='bbox 1153 2227 1343 2326; x_wconf 84' lang='lat' dir='ltr'>Isocrate,</span> 
     </span>
     <span class='ocr_line' id='line_1_19' title="bbox 188 2327 1343 2444; baseline 0.013 -36"><span class='ocrx_word' id='word_1_125' title='bbox 188 2402 194 2408; x_wconf 89' lang='lat'>.</span> <span class='ocrx_word' id='word_1_126' title='bbox 274 2327 367 2418; x_wconf 67' lang='lat' dir='ltr'>fsed</span> <span class='ocrx_word' id='word_1_127' title='bbox 390 2333 509 2418; x_wconf 85' lang='lat' dir='ltr'>etiam</span> <span class='ocrx_word' id='word_1_128' title='bbox 529 2327 660 2440; x_wconf 80' lang='lat' dir='ltr'>Lyfia‚</span> <span class='ocrx_word' id='word_1_129' title='bbox 683 2329 768 2422; x_wconf 76' lang='lat' dir='ltr'>xli.</span> <span class='ocrx_word' id='word_1_130' title='bbox 794 2360 852 2417; x_wconf 91' lang='lat'>10.</span> <span class='ocrx_word' id='word_1_131' title='bbox 885 2366 921 2444; x_wconf 85' lang='lat' dir='ltr'>p.</span> <span class='ocrx_word' id='word_1_132' title='bbox 940 2337 967 2420; x_wconf 89' lang='lat'>6</span> <span class='ocrx_word' id='word_1_133' title='bbox 975 2362 1034 2438; x_wconf 81' lang='lat'>24.</span> <span class='ocrx_word' id='word_1_134' title='bbox 1062 2338 1166 2444; x_wconf 77' lang='lat' dir='ltr'>Quis</span> <span class='ocrx_word' id='word_1_135' title='bbox 1183 2343 1263 2423; x_wconf 85' lang='lat' dir='ltr'>erit</span> <span class='ocrx_word' id='word_1_136' title='bbox 1282 2339 1343 2424; x_wconf 83' lang='lat' dir='ltr'>hic</span> 
     </span>
     <span class='ocr_line' id='line_1_20' title="bbox 306 2439 1447 2554; baseline 0.003 -22"><span class='ocrx_word' id='word_1_137' title='bbox 306 2448 494 2533; x_wconf 81' lang='lat' dir='ltr'>Atticas?</span> <span class='ocrx_word' id='word_1_138' title='bbox 522 2443 584 2525; x_wconf 88' lang='lat' dir='ltr'>Sit</span> <span class='ocrx_word' id='word_1_139' title='bbox 610 2439 768 2551; x_wconf 79' lang='lat' dir='ltr'>Lyfias&#39;,</span> <span class='ocrx_word' id='word_1_140' title='bbox 804 2443 901 2528; x_wconf 80' lang='lat' dir='ltr'>hanc</span> <span class='ocrx_word' id='word_1_141' title='bbox 933 2449 1029 2528; x_wconf 80' lang='lat' dir='ltr'>enim</span> <span class='ocrx_word' id='word_1_142' title='bbox 1057 2445 1343 2554; x_wconf 69' lang='lat' dir='ltr'>amplertunrur</span> <span class='ocrx_word' id='word_1_143' title='bbox 1445 2443 1447 2462; x_wconf 70' lang='lat'><strong>⁴</strong></span> 
     </span>
     <span class='ocr_line' id='line_1_21' title="bbox 305 2553 1447 2668; baseline 0.003 -26"><span class='ocrx_word' id='word_1_144' title='bbox 305 2575 499 2642; x_wconf 83' lang='lat' dir='ltr'>amatores</span> <span class='ocrx_word' id='word_1_145' title='bbox 517 2553 621 2658; x_wconf 81' lang='lat' dir='ltr'>istius</span> <span class='ocrx_word' id='word_1_146' title='bbox 637 2558 791 2650; x_wconf 74' lang='lat' dir='ltr'>nominis</span> <span class='ocrx_word' id='word_1_147' title='bbox 809 2555 961 2638; x_wconf 82' lang='lat' dir='ltr'><em>modum.</em></span> <span class='ocrx_word' id='word_1_148' title='bbox 1008 2555 1095 2638; x_wconf 77' lang='lat' dir='ltr'>Non</span> <span class='ocrx_word' id='word_1_149' title='bbox 1115 2558 1242 2664; x_wconf 84' lang='lat' dir='ltr'>igitur</span> <span class='ocrx_word' id='word_1_150' title='bbox 1251 2565 1344 2668; x_wconf 83' lang='lat' dir='ltr'>jam</span> <span class='ocrx_word' id='word_1_151' title='bbox 1446 2555 1447 2644; x_wconf 67' lang='grc' dir='ltr'><em>ἕ</em></span> 
     </span>
     <span class='ocr_line' id='line_1_22' title="bbox 303 2662 1447 2870; baseline -0.006 -7"><span class='ocrx_word' id='word_1_152' title='bbox 303 2693 417 2863; x_wconf 71' lang='lat' dir='ltr'>&#39;att‘</span> <span class='ocrx_word' id='word_1_153' title='bbox 430 2662 1341 2870; x_wconf 48' lang='lat' dir='ltr'>tiiffltrirttt&#39;ttdt{atttriti</span> <span class='ocrx_word' id='word_1_154' title='bbox 1446 2777 1447 2856; x_wconf 70' lang='lat' dir='ltr'>r</span> 
     </span>
     <span class='ocr_line' id='line_1_23' title="bbox 306 2875 1447 3000; baseline -0.003 -24"><span class='ocrx_word' id='word_1_155' title='bbox 306 2890 366 2978; x_wconf 86' lang='lat' dir='ltr'>dis</span> <span class='ocrx_word' id='word_1_156' title='bbox 385 2908 590 2974; x_wconf 89' lang='lat' dir='ltr'>contemtu</span> <span class='ocrx_word' id='word_1_157' title='bbox 614 2889 858 3000; x_wconf 90' lang='lat' dir='ltr'>interpretari</span> <span class='ocrx_word' id='word_1_158' title='bbox 885 2891 1005 2975; x_wconf 87' lang='lat' dir='ltr'>malis.</span> <span class='ocrx_word' id='word_1_159' title='bbox 1094 2891 1099 2899; x_wconf 69' lang='grc'><em>“</em></span> <span class='ocrx_word' id='word_1_160' title='bbox 1313 2881 1316 2898; x_wconf 81' lang='lat'>&#39;</span> <span class='ocrx_word' id='word_1_161' title='bbox 1446 2875 1447 2890; x_wconf 18' lang='grc' dir='ltr'><strong><em>Ν</em></strong></span> 
     </span>
     <span class='ocr_line' id='line_1_24' title="bbox 362 3001 1339 3096; baseline 0.005 -9"><span class='ocrx_word' id='word_1_162' title='bbox 362 3005 515 3087; x_wconf 69' lang='lat' dir='ltr'>istros.</span> <span class='ocrx_word' id='word_1_163' title='bbox 574 3001 664 3096; x_wconf 72' lang='lat' dir='ltr'>Eius</span> <span class='ocrx_word' id='word_1_164' title='bbox 700 3002 823 3084; x_wconf 84' lang='lat' dir='ltr'>vitam</span> <span class='ocrx_word' id='word_1_165' title='bbox 866 3022 1096 3088; x_wconf 87' lang='lat' dir='ltr'>enarrarunt</span> <span class='ocrx_word' id='word_1_166' title='bbox 1122 3003 1234 3094; x_wconf 91' lang='lat' dir='ltr'>Dion</span> <span class='ocrx_word' id='word_1_167' title='bbox 1266 3005 1339 3092; x_wconf 80' lang='lat' dir='ltr'>iius</span> 
     </span>
     <span class='ocr_line' id='line_1_25' title="bbox 304 3038 1340 3212; baseline 0 -8"><span class='ocrx_word' id='word_1_168' title='bbox 304 3107 671 3212; x_wconf 79' lang='lat' dir='ltr'>Halicarnaffenfis,</span> <span class='ocrx_word' id='word_1_169' title='bbox 708 3110 1116 3200; x_wconf 87' lang='lat' dir='ltr'>Pseudo-Plutarchus</span> <span class='ocrx_word' id='word_1_170' title='bbox 1163 3119 1205 3206; x_wconf 91' lang='lat'>&amp;</span> <span class='ocrx_word' id='word_1_171' title='bbox 1236 3038 1340 3204; x_wconf 61' lang='lat' dir='ltr'>iho-</span> 
     </span>
     <span class='ocr_line' id='line_1_26' title="bbox 303 3223 1338 3332; baseline -0.001 -16"><span class='ocrx_word' id='word_1_172' title='bbox 303 3233 408 3327; x_wconf 82' lang='lat' dir='ltr'>tius,</span> <span class='ocrx_word' id='word_1_173' title='bbox 434 3251 484 3309; x_wconf 86' lang='lat' dir='ltr'>ex</span> <span class='ocrx_word' id='word_1_174' title='bbox 512 3227 559 3306; x_wconf 82' lang='lat' dir='ltr'>iis</span> <span class='ocrx_word' id='word_1_175' title='bbox 587 3223 631 3309; x_wconf 75' lang='grc' dir='ltr'>δι</span> <span class='ocrx_word' id='word_1_176' title='bbox 660 3223 816 3310; x_wconf 84' lang='lat' dir='ltr'>al&#39;unde</span> <span class='ocrx_word' id='word_1_177' title='bbox 842 3223 1033 3310; x_wconf 84' lang='lat' dir='ltr'>Meursros</span> <span class='ocrx_word' id='word_1_178' title='bbox 1057 3228 1100 3313; x_wconf 70' lang='grc' dir='ltr'>δι</span> <span class='ocrx_word' id='word_1_179' title='bbox 1120 3229 1338 3332; x_wconf 86' lang='lat' dir='ltr'>Fabricios,</span> 
     </span>
     <span class='ocr_line' id='line_1_27' title="bbox 303 3252 1339 3458; baseline 0 -32"><span class='ocrx_word' id='word_1_180' title='bbox 303 3339 354 3430; x_wconf 92' lang='lat' dir='ltr'>ad</span> <span class='ocrx_word' id='word_1_181' title='bbox 383 3360 479 3450; x_wconf 84' lang='lat' dir='ltr'>quos</span> <span class='ocrx_word' id='word_1_182' title='bbox 508 3335 599 3418; x_wconf 87' lang='lat' dir='ltr'>isaei</span> <span class='ocrx_word' id='word_1_183' title='bbox 631 3252 813 3458; x_wconf 72' lang='lat' dir='ltr'>storiiosos</span> <span class='ocrx_word' id='word_1_184' title='bbox 840 3337 1075 3450; x_wconf 84' lang='lat' dir='ltr'>ablegamus.</span> <span class='ocrx_word' id='word_1_185' title='bbox 1150 3342 1339 3428; x_wconf 77' lang='lat' dir='ltr'>Fabricius</span> 
     </span>
     <span class='ocr_line' id='line_1_28' title="bbox 245 3443 1341 3561; baseline 0.003 -23"><span class='ocrx_word' id='word_1_186' title='bbox 245 3517 248 3528; x_wconf 87' lang='lat'>.</span> <span class='ocrx_word' id='word_1_187' title='bbox 307 3455 351 3538; x_wconf 90' lang='lat' dir='ltr'>in</span> <span class='ocrx_word' id='word_1_188' title='bbox 381 3443 561 3560; x_wconf 82' lang='lat' dir='ltr'>Dionysii</span> <span class='ocrx_word' id='word_1_189' title='bbox 591 3444 716 3530; x_wconf 86' lang='lat' dir='ltr'>Halrc.</span> <span class='ocrx_word' id='word_1_190' title='bbox 743 3449 819 3554; x_wconf 84' lang='lat' dir='ltr'>Ep.</span> <span class='ocrx_word' id='word_1_191' title='bbox 842 3449 892 3534; x_wconf 87' lang='lat' dir='ltr'>ad</span> <span class='ocrx_word' id='word_1_192' title='bbox 918 3455 1052 3534; x_wconf 73' lang='lat' dir='ltr'>iinrrn.</span> <span class='ocrx_word' id='word_1_193' title='bbox 1080 3457 1341 3561; x_wconf 55' lang='lat' dir='ltr'>p.120.,’1rn-</span> 
     </span>
     <span class='ocr_line' id='line_1_29' title="bbox 306 3561 1393 3677; baseline 0.002 -28"><span class='ocrx_word' id='word_1_194' title='bbox 306 3564 443 3669; x_wconf 58' lang='lat' dir='ltr'>nirata</span> <span class='ocrx_word' id='word_1_195' title='bbox 465 3583 657 3673; x_wconf 87' lang='lat' dir='ltr'>reponens</span> <span class='ocrx_word' id='word_1_196' title='bbox 678 3585 750 3668; x_wconf 88' lang='lat' dir='ltr'>pro</span> <span class='ocrx_word' id='word_1_197' title='bbox 770 3561 913 3662; x_wconf 69' lang='grc' dir='ltr'>Ἰσαῖον,</span> <span class='ocrx_word' id='word_1_198' title='bbox 942 3590 1025 3647; x_wconf 88' lang='lat' dir='ltr'>non</span> <span class='ocrx_word' id='word_1_199' title='bbox 1045 3561 1199 3651; x_wconf 86' lang='lat' dir='ltr'>videtur</span> <span class='ocrx_word' id='word_1_200' title='bbox 1220 3568 1339 3677; x_wconf 87' lang='lat' dir='ltr'>ipsum</span> <span class='ocrx_word' id='word_1_201' title='bbox 1385 3607 1393 3620; x_wconf 57' lang='lat'><strong><em>¹</em></strong></span> 
     </span>
     <span class='ocr_line' id='line_1_30' title="bbox 307 3669 1446 3792; baseline 0.006 -36"><span class='ocrx_word' id='word_1_202' title='bbox 307 3671 545 3780; x_wconf 85' lang='lat' dir='ltr'>Dionyiiam</span> <span class='ocrx_word' id='word_1_203' title='bbox 576 3669 786 3780; x_wconf 85' lang='lat' dir='ltr'>inspexiffe.</span> <span class='ocrx_word' id='word_1_204' title='bbox 843 3671 1002 3756; x_wconf 70' lang='lat' dir='ltr'>Rectius</span> <span class='ocrx_word' id='word_1_205' title='bbox 1028 3673 1089 3759; x_wconf 76' lang='lat' dir='ltr'>Pr.</span> <span class='ocrx_word' id='word_1_206' title='bbox 1112 3677 1338 3792; x_wconf 79' lang='lat' dir='ltr'>Sylburgior</span> <span class='ocrx_word' id='word_1_207' title='bbox 1445 3689 1446 3694; x_wconf 68' lang='lat'>&#39;</span> 
     </span>
    </p>
   </div>
   <div class='ocr_carea' id='block_1_3' title="bbox 306 3779 1344 3904">
    <p class='ocr_par' dir='ltr' id='par_1_3' title="bbox 306 3779 1344 3904">
     <span class='ocr_line' id='line_1_31' title="bbox 306 3779 1344 3904; baseline 0.013 -42"><span class='ocrx_word' id='word_1_208' title='bbox 306 3789 349 3870; x_wconf 85' lang='lat' dir='ltr'>in</span> <span class='ocrx_word' id='word_1_209' title='bbox 369 3779 539 3883; x_wconf 80' lang='lat' dir='ltr'>ejusdem</span> <span class='ocrx_word' id='word_1_210' title='bbox 561 3782 761 3870; x_wconf 86' lang='lat' dir='ltr'>Demosth&#39;.</span> <span class='ocrx_word' id='word_1_211' title='bbox 779 3813 818 3898; x_wconf 83' lang='lat' dir='ltr'>p.</span> <span class='ocrx_word' id='word_1_212' title='bbox 840 3785 932 3895; x_wconf 69' lang='lat'>167,</span> <span class='ocrx_word' id='word_1_213' title='bbox 958 3789 1110 3890; x_wconf 64' lang='lat' dir='ltr'>Karina</span> <span class='ocrx_word' id='word_1_214' title='bbox 1128 3791 1248 3904; x_wconf 77' lang='lat' dir='ltr'>legit,</span> <span class='ocrx_word' id='word_1_215' title='bbox 1272 3783 1344 3876; x_wconf 69' lang='lat' dir='ltr'>&#39;obi</span> 
     </span>
    </p>
   </div>
   <div class='ocr_carea' id='block_1_4' title="bbox 306 3890 1446 4008">
    <p class='ocr_par' dir='ltr' id='par_1_4' title="bbox 306 3890 1446 4008">
     <span class='ocr_line' id='line_1_32' title="bbox 306 3890 1446 4008; baseline -0.03 -22"><span class='ocrx_word' id='word_1_216' title='bbox 306 3890 570 4008; x_wconf 75' lang='lat' dir='ltr'>rulgoeditur</span> <span class='ocrx_word' id='word_1_217' title='bbox 587 3895 726 3985; x_wconf 69' lang='grc' dir='ltr'><strong>Ἰσαῖος.</strong></span> <span class='ocrx_word' id='word_1_218' title='bbox 1264 3899 1345 4008; x_wconf 55' lang='lat' dir='ltr'>Eu⁶</span> <span class='ocrx_word' id='word_1_219' title='bbox 1445 3907 1446 3952; x_wconf 64' lang='lat' dir='ltr'>r</span> 
     </span>
    </p>
   </div>
   <div class='ocr_carea' id='block_1_5' title="bbox 0 0 1465 4740">
    <p class='ocr_par' dir='ltr' id='par_1_5' title="bbox 0 0 1465 4740">
     <span class='ocr_line' id='line_1_33' title="bbox 0 0 1465 4740; baseline 0 0"><span class='ocrx_word' id='word_1_220' title='bbox 0 0 1465 4740; x_wconf 95' lang='lat' dir='ltr'> </span> 
     </span>
    </p>
   </div>
  </div>
 </body>
</html>
