2916 4740
268 301 333 393 vt
469 302 1130 414 DEDICATIO.

168 557 184 580 s
274 533 420 613 tamen
442 517 487 618 in
505 516 771 657 optirnarum
793 527 948 626 artium
972 525 1117 628 stodiis
1140 528 1197 625 ita
1215 559 1311 626 vet-

226 717 229 724 ·
272 676 434 806 statere,
470 723 518 789 ut
545 694 649 792 nibil
673 695 778 794 Tibi
805 692 999 830 praesidii
1031 698 1073 792 in
1104 689 1182 789 iltis
1214 693 1312 790 reii-

270 855 390 956 Cbtm
411 857 525 982 effe,
562 881 749 966 ornnem
781 843 1144 965 ornamentorum
1188 860 1310 992 spem

270 1027 315 1126 in
342 1029 514 1166 ingenii
533 1031 652 1131 cuitu
686 1019 920 1132 &vittate
940 1025 1065 1164 snarn
1095 1022 1315 1126 existima-

269 1231 352 1297 res.
426 1195 635 1299 Decursts
668 1195 857 1313 deinde,
903 1195 989 1328 pari
1026 1227 1130 1291 curn
1158 1190 1314 1310 laude,

269 1371 524 1506 graviorum
557 1363 873 1498 disciplinarum
898 1363 1076 1498 spatiis,
1126 1367 1209 1464 iter
1235 1397 1314 1496 per

268 1521 474 1624 cultiores
511 1525 715 1660 Europae
753 1558 894 1662 partes
924 1525 1148 1629 instituisti.
1222 1525 1314 1628 Hic

269 1695 435 1825 prima,
479 1691 590 1792 ‘ficut
620 1692 793 1812 debuit,
840 1695 943 1794 Tibi
973 1731 1075 1795 cura
1111 1697 1220 1813 fnit,
1264 1719 1313 1788 ut

268 1887 428 1988 regunt
451 1853 785 1990 principumque
814 1889 925 1956 artes
966 1861 1009 1958 in
1036 1855 1313 1959 continendis

269 2019 516 2117 civitatibus
542 2015 833 2154 cognosceres
855 2057 879 2140 ,’
919 2024 967 2123 &
1001 2059 1057 2124 ex
1089 2026 1310 2123 variorum

267 2183 537 2322 populorum
567 2185 802 2306 moribus,
848 2183 1053 2324 legibus,
1109 2185 1310 2290 institutis

267 2383 483 2490 caperes,
539 2351 663 2478 quod
712 2352 944 2480 aliquando
992 2355 1043 2451 ad
1081 2357 1312 2454 utilitatem

267 2515 431 2652 patriae
464 2509 730 2611 transferres.
803 2509 901 2612 Nec
932 2543 1078 2614 tamen
1104 2516 1311 2652 frequen-

1 2771 2 2778 r
136 2680 140 2686 ’
268 2681 468 2778 rioreras
492 2675 535 2772 in
568 2671 710 2792 atalia,
758 2707 889 2808 quarn
921 2678 964 2778 in
1000 2680 1312 2804 bibliothecis,

268 2867 343 2942 aut
371 2837 511 2971 magis
543 2867 835 2970 purpuratos,
879 2873 1012 2974 quarn
1048 2842 1239 2946 dobirina
1262 2847 1313 2947 δί
1329 2865 1330 2868 ‘

262 3001 454 3138 ingenio
481 2997 653 3120 claros,
688 2997 933 3132 appetebas.
1006 3003 1209 3138 Inprimis
1236 3045 1311 3112 au·

157 3173 160 3178 ’
270 3201 364 3270 tem
389 3159 568 3298 proprio
605 3161 797 3296 quodam
829 3159 970 3262 studio
1001 3171 1228 3299 rapiebatis
1257 3170 1311 3270 ad

221 3439 224 3445 ,
269 3327 501 3468 priscarum
527 3327 684 3422 artium
709 3323 952 3442 miracula,
1001 3328 1156 3463 quibus
1192 3329 1310 3434 Italia

259 3495 427 3595 ,referta
458 3483 557 3605 est,
602 3484 971 3629 contemplanda3
1018 3523 1131 3623 quae
1154 3501 1312 3629 ›majo-

272 3689 391 3774 rem,
426 3653 920 3790 quamtulguscrodat,
955 3689 1059 3754 cum
1079 3625 1309 3760 burnanio-

272 3824 388 3930 ribus
416 3825 547 3928 literis
583 3827 906 3966 cognationem
944 3827 1141 3956 habere,
1176 3829 1307 3976 mini-

294 4027 298 4036 ·
1226 4027 1303 4097 me
