2916 4740
343 221 1012 316 PRAEFAT'I'O.
1113 229 1197 320 xxi

158 413 758 515 ieecoirtonror'tnnnianon,
787 413 978 526 Priftiani
993 423 1188 504 exercita·

159 530 574 634 menta‚&rloetoricc
582 528 818 627 Aristotelis,
829 529 1053 630 Aooooonit,
1063 535 1184 615 Geor-

153 650 216 758 gii
227 645 497 750 Trapezuntii,
512 639 597 744 &a
617 636 692 749 sed
706 659 817 724 caret
833 639 946 746 Juiio
957 641 1159 747 Rufiniano
1168 701 1183 742 ,

157 783 263 871 quem
282 753 489 840 Fabricius
517 753 623 838 Bibi.
637 749 728 860 Lat.
760 753 808 834 T.
820 753 898 836 III.
926 770 962 864 p.
990 775 1084 858 755.
1109 772 1183 866 per

151 895 327 956 errorem
332 862 504 976 scribit,
525 865 594 950 illa
610 867 805 948 contineri
861 867 1001 950 Verum
1018 867 1086 974 cist
1101 883 1181 952 tres

144 985 370 1094 primariae
391 977 571 1062 editiones
600 1002 621 1059 c
645 977 797 1060 totidem
826 977 1018 1064 codicibus
1044 976 1178 1065 dodae

136 1095 250 1206 flnt,
278 1109 405 1175 tamen
422 1151 435 1194 ,
452 1090 493 1200 st
515 1114 578 1172 res
603 1114 652 1173 etc
676 1113 772 1172 uero
797 1089 1040 1193 oesiionetur,
1068 1089 1123 1193 id
1147 1096 1181 1174 i·

146 1202 263 1319 psat,
287 1203 343 1302 &i
361 1219 445 1285 tres
463 1200 633 1299 Codices,
650 1201 867 1311 qous-peuda
887 1217 978 1284 ante
995 1199 1182 1312 recensui-

38 1368 42 1374 ·
149 1343 232 1401 mus
251 1373 276 1417 ‚-
303 1339 372 1397 non
399 1311 468 1421 nest
488 1316 598 1396 onius
620 1311 762 1395 Codicis
786 1313 867 1395 vim
891 1310 949 1414 θ’
970 1309 1181 1398 auilorito.

152 1446 229 1514 tem
255 1427 404 1512 habent.
467 1423 571 1508 Nam
595 1447 718 1506 omnes
744 1448 794 1506 ex
821 1450 892 1508 uno
912 1424 1078 1533 exemplo
1108 1427 1182 1534 du-

153 1537 274 1652 xiffe‚
299 1537 407 1650 plani
434 1562 503 1619 one
526 1551 691 1648 apparet
712 1561 783 1618 non
799 1532 923 1647 silum
941 1531 1181 1647 cx'consensu

149 1657 192 1739 in
207 1655 293 1738 locis
317 1650 573 1762 depravatis,
600 1644 673 1760 sed
696 1650 813 1731 multo
837 1653 960 1755 magis
975 1656 1025 1735 cx'
1041 1651 1181 1735 lacuna

149 1767 184 1850 Ι.
205 1766 243 1850 6.
267 1781 306 1874 ρ.
329 1790 391 1847 21.
418 1767 571 1876 quaein
596 1761 763 1847 monibus
784 1761 862 1875 fine
883 1760 964 1846 ulla
982 1764 1181 1850 uarietate

148 1881 361 1993 reperitur.
1027 1879 1031 1884 '

202 1989 343 2075 Adhuc
372 1989 548 2074 Rutilios
579 1989 714 2076 mendis
769 1987 888 2076 uidens
905 1994 1181 2075 contaminatus

145 2103 384 2214 prodierat,
421 2112 674 2186 veruntamen
712 2017 769 2185 A
798 2103 983 2186 librorum
1013 2100 1180 2213 scripto·

149 2237 237 2298 runo
260 2212 372 2316 fidem
397 2212 595 2322 expreffus.
652 2214 722 2294 Sed
755 2240 840 2295 mox
854 2239 901 2297 ex
926 2210 1075 2320 officina
1098 2239 1179 2315 ea,

176 2349 228 2408 ua
244 2323 352 2408 nulla
371 2339 521 2407 ueteres
536 2323 653 2407 libros
667 2325 872 2434 religiodus
891 2321 1074 2410 tradiare
1080 2323 1180 2435 stole*

147 2353 251 2536 Zau·
268 2451 351 2520 tarn
369 2433 606 2544 deformatus
621 2439 752 2536 exiit3,
768 2454 811 2518 ut
833 2439 1023 2520 Rutilium
1041 2441 1080 2521 in
1099 2439 1178 2520 Ru-

141 2548 227 2633 oilio
265 2573 480 2660 quaereres.
553 2549 703 2632 Scilicet
738 2549 930 2634 Robertcu
970 2548 1181 2660 Stephanos

142 2661 334 2746 Rutilium
351 2687 428 2745 una
442 2685 524 2744 cum
542 2661 691 2774 Aquila
708 2659 877 2746 Romam
898 2657 955 2764 ἐφ’
970 2663 1080 2770 Julio
1098 2663 1179 2747 ao-

136 2771 288 2882 finiono
327 2769 605 2884 eleganttffimis
634 2773 782 2882 foratis
809 2778 975 2858 excudit
1010 2777 1176 2864 Paridis

149 2905 268 2988 1530.
279 2907 319 2988 4.
339 2884 1175 2996 (aliaexemplapraestruntannom1541.)

145 2998 355 3104 Praefatio
381 2995 565 3108 Stephani
580 2997 820 3108 magnificam
836 2999 950 3086 habet
974 2996 1177 3110 promiffio·

145 3105 1180 3220 nem:Ufiamicorumopera,Rutsiiumiturestituen·

147 3217 240 3304 dum
266 3221 508 3322 curavimus,
535 3240 578 3303 ut
605 3245 755 3332 praeter
781 3221 862 3306 duo
873 3226 957 3306 loca
975 3224 1175 3331 integrum

149 3356 238 3412 eum
254 3329 344 3417 date
360 3330 712 3418 nos'confidamus.
743 3335 886 3420 Verum
903 3336 1071 3446 quisquis
1087 3349 1176 3415 tan·

145 3437 230 3527 dem
250 3439 298 3546 cli
309 3449 393 3540 ,cui
404 3444 613 3555 Stephanus
630 3443 799 3531 editionis
816 3473 950 3530 curato
968 3445 1174 3551 delegerit,

96 3609 102 3622 ·
145 3559 221 3637 non
237 3552 321 3633 boni
335 3558 418 3637 uici
433 3555 504 3652 fide
521 3581 602 3640 conc
619 3559 806 3667 Stephano
820 3562 924 3664 egit,
944 3553 1018 3664 sed
1029 3558 1174 3666 ingenio

144 3665 204 3784 &
218 3658 396 3754 dodrion
408 3723 421 3768 a
431 3695 506 3781 qun
514 3667 862 3838 hontnssnoatuiffe
873 3667 1048 3782 pluribus
1065 3671 1174 3799 docu-

114 3835 123 3844 -
181 3847 184 3854 .
453 3793 456 3798 “
739 3805 761 3887 3
1044 3795 1179 3868 meotes
