<?xml version="1.0" encoding="UTF-8"?>
<!DOCTYPE html PUBLIC "-//W3C//DTD XHTML 1.0 Transitional//EN"
    "http://www.w3.org/TR/xhtml1/DTD/xhtml1-transitional.dtd">
<html xmlns="http://www.w3.org/1999/xhtml" xml:lang="en" lang="en">
 <head>
  <title>
</title>
<meta http-equiv="Content-Type" content="text/html;charset=utf-8" />
  <meta name='ocr-system' content='tesseract 3.04.00' />
  <meta name='ocr-capabilities' content='ocr_page ocr_carea ocr_par ocr_line ocrx_word'/>
</head>
<body>
  <div class='ocr_page' id='page_1' title='image "./defigurissenten00romagoog_0038.png"; bbox 0 0 2916 4740; ppageno 0'>
   <div class='ocr_carea' id='block_1_1' title="bbox 295 217 1307 368">
    <p class='ocr_par' dir='ltr' id='par_1_1' title="bbox 295 217 1307 368">
     <span class='ocr_line' id='line_1_1' title="bbox 295 217 1307 368; baseline -0.01 0"><span class='ocrx_word' id='word_1_1' title='bbox 295 263 1165 368; x_wconf 65' lang='lat' dir='ltr'><em>xxansAssFATm.</em></span> <span class='ocrx_word' id='word_1_2' title='bbox 1303 217 1307 223; x_wconf 63' lang='grc'><strong>’</strong></span> 
     </span>
    </p>
   </div>
   <div class='ocr_carea' id='block_1_2' title="bbox 5 450 1455 3930">
    <p class='ocr_par' dir='ltr' id='par_1_2' title="bbox 284 450 1342 1130">
     <span class='ocr_line' id='line_1_2' title="bbox 296 450 1340 574; baseline -0.015 -26"><span class='ocrx_word' id='word_1_3' title='bbox 296 487 344 548; x_wconf 86' lang='lat' dir='ltr'><em>ex</em></span> <span class='ocrx_word' id='word_1_4' title='bbox 355 457 518 574; x_wconf 86' lang='lat' dir='ltr'><em>perditis</em></span> <span class='ocrx_word' id='word_1_5' title='bbox 531 455 656 570; x_wconf 79' lang='lat' dir='ltr'><em>polleo</em></span> <span class='ocrx_word' id='word_1_6' title='bbox 675 465 786 536; x_wconf 89' lang='lat' dir='ltr'><em>notae</em></span> <span class='ocrx_word' id='word_1_7' title='bbox 803 451 919 537; x_wconf 90' lang='lat' dir='ltr'><em>bonae</em></span> <span class='ocrx_word' id='word_1_8' title='bbox 924 450 1185 567; x_wconf 77' lang='lat' dir='ltr'><em>scriptoribus</em></span> <span class='ocrx_word' id='word_1_9' title='bbox 1202 458 1340 548; x_wconf 87' lang='lat' dir='ltr'><em>lauda.</em></span> 
     </span>
     <span class='ocr_line' id='line_1_3' title="bbox 295 563 1338 682; baseline -0.01 -25"><span class='ocrx_word' id='word_1_10' title='bbox 295 592 364 673; x_wconf 88' lang='lat' dir='ltr'><em>sa,</em></span> <span class='ocrx_word' id='word_1_11' title='bbox 391 575 456 656; x_wconf 86' lang='lat' dir='ltr'><em>oei</em></span> <span class='ocrx_word' id='word_1_12' title='bbox 472 571 522 656; x_wconf 91' lang='lat' dir='ltr'><em>ab</em></span> <span class='ocrx_word' id='word_1_13' title='bbox 540 567 626 682; x_wconf 83' lang='lat' dir='ltr'><em>iplss</em></span> <span class='ocrx_word' id='word_1_14' title='bbox 648 563 860 650; x_wconf 80' lang='lat' dir='ltr'><em>cultoribus</em></span> <span class='ocrx_word' id='word_1_15' title='bbox 878 593 900 650; x_wconf 93' lang='lat' dir='ltr'><em>e</em></span> <span class='ocrx_word' id='word_1_16' title='bbox 919 567 1073 652; x_wconf 86' lang='lat' dir='ltr'><em>Graeco</em></span> <span class='ocrx_word' id='word_1_17' title='bbox 1094 572 1243 682; x_wconf 78' lang='lat' dir='ltr'><em>uersa,</em></span> <span class='ocrx_word' id='word_1_18' title='bbox 1268 595 1338 660; x_wconf 72' lang='lat' dir='ltr'><em>ex.</em></span> 
     </span>
     <span class='ocr_line' id='line_1_4' title="bbox 284 675 1337 895; baseline -0.015 -127"><span class='ocrx_word' id='word_1_19' title='bbox 284 689 465 794; x_wconf 39' lang='lat' dir='ltr'><em>,cogitata</em></span> <span class='ocrx_word' id='word_1_20' title='bbox 489 680 662 792; x_wconf 82' lang='lat' dir='ltr'><em>denique,</em></span> <span class='ocrx_word' id='word_1_21' title='bbox 691 675 809 800; x_wconf 78' lang='lat' dir='ltr'><em>digna</em></span> <span class='ocrx_word' id='word_1_22' title='bbox 837 676 1116 895; x_wconf 53' lang='lat' dir='ltr'><em>omninidm’</em></span> <span class='ocrx_word' id='word_1_23' title='bbox 1143 713 1241 796; x_wconf 68' lang='lat' dir='ltr'><em>qnae</em></span> <span class='ocrx_word' id='word_1_24' title='bbox 1256 688 1337 796; x_wconf 72' lang='lat' dir='ltr'><em>sa.</em></span> 
     </span>
     <span class='ocr_line' id='line_1_5' title="bbox 296 790 1341 900; baseline 0.002 -22"><span class='ocrx_word' id='word_1_25' title='bbox 296 797 473 880; x_wconf 84' lang='lat' dir='ltr'><em>miliaria</em></span> <span class='ocrx_word' id='word_1_26' title='bbox 487 794 588 899; x_wconf 78' lang='lat' dir='ltr'><em>stom</em></span> <span class='ocrx_word' id='word_1_27' title='bbox 614 790 930 900; x_wconf 80' lang='lat' dir='ltr'><em>adolescentibus,</em></span> <span class='ocrx_word' id='word_1_28' title='bbox 1042 800 1224 879; x_wconf 90' lang='lat' dir='ltr'><em>communi</em></span> <span class='ocrx_word' id='word_1_29' title='bbox 1240 824 1341 882; x_wconf 89' lang='lat' dir='ltr'><em>cru-</em></span> 
     </span>
     <span class='ocr_line' id='line_1_6' title="bbox 293 902 1342 1017; baseline 0.005 -27"><span class='ocrx_word' id='word_1_30' title='bbox 293 908 463 990; x_wconf 81' lang='lat' dir='ltr'><em>ditorum</em></span> <span class='ocrx_word' id='word_1_31' title='bbox 480 902 565 1017; x_wconf 71' lang='lat' dir='ltr'><em>celici</em></span> <span class='ocrx_word' id='word_1_32' title='bbox 577 919 766 1015; x_wconf 83' lang='lat' dir='ltr'><em>pateant,</em></span> <span class='ocrx_word' id='word_1_33' title='bbox 794 929 878 986; x_wconf 86' lang='lat' dir='ltr'><em>cum</em></span> <span class='ocrx_word' id='word_1_34' title='bbox 897 908 1043 988; x_wconf 88' lang='lat' dir='ltr'><em>caeteri</em></span> <span class='ocrx_word' id='word_1_35' title='bbox 1060 906 1119 989; x_wconf 89' lang='lat' dir='ltr'><em>illi</em></span> <span class='ocrx_word' id='word_1_36' title='bbox 1135 907 1342 995; x_wconf 81' lang='lat' dir='ltr'><em>Pitborani</em></span> 
     </span>
     <span class='ocr_line' id='line_1_7' title="bbox 297 1014 1231 1130; baseline -0.003 -27"><span class='ocrx_word' id='word_1_37' title='bbox 297 1018 542 1113; x_wconf 84' lang='lat' dir='ltr'><em>Bibliothecis</em></span> <span class='ocrx_word' id='word_1_38' title='bbox 559 1035 699 1130; x_wconf 81' lang='lat' dir='ltr'><em>queant</em></span> <span class='ocrx_word' id='word_1_39' title='bbox 713 1015 789 1116; x_wconf 74' lang='lat' dir='ltr'><em>fine</em></span> <span class='ocrx_word' id='word_1_40' title='bbox 803 1014 1030 1098; x_wconf 86' lang='lat' dir='ltr'><em>detrimento</em></span> <span class='ocrx_word' id='word_1_41' title='bbox 1053 1017 1231 1130; x_wconf 82' lang='lat' dir='ltr'><em>relinqui.</em></span> 
     </span>
    </p>

    <p class='ocr_par' dir='ltr' id='par_1_3' title="bbox 288 1125 1337 2030">
     <span class='ocr_line' id='line_1_8' title="bbox 355 1125 1337 1239; baseline -0.002 -23"><span class='ocrx_word' id='word_1_42' title='bbox 355 1133 435 1216; x_wconf 74' lang='lat' dir='ltr'><em>lbos</em></span> <span class='ocrx_word' id='word_1_43' title='bbox 462 1135 588 1238; x_wconf 83' lang='lat' dir='ltr'><em>igitur</em></span> <span class='ocrx_word' id='word_1_44' title='bbox 612 1128 777 1212; x_wconf 80' lang='lat' dir='ltr'><em>libellos,</em></span> <span class='ocrx_word' id='word_1_45' title='bbox 807 1127 874 1208; x_wconf 83' lang='lat' dir='ltr'><em>uel</em></span> <span class='ocrx_word' id='word_1_46' title='bbox 895 1125 985 1236; x_wconf 74' lang='lat' dir='ltr'><em>ssas</em></span> <span class='ocrx_word' id='word_1_47' title='bbox 1002 1128 1227 1239; x_wconf 75' lang='lat' dir='ltr'><em>presiopblas</em></span> <span class='ocrx_word' id='word_1_48' title='bbox 1249 1132 1337 1218; x_wconf 88' lang='lat' dir='ltr'><em>rbe-</em></span> 
     </span>
     <span class='ocr_line' id='line_1_9' title="bbox 298 1236 1336 1350; baseline -0.004 -20"><span class='ocrx_word' id='word_1_49' title='bbox 298 1261 426 1330; x_wconf 89' lang='lat' dir='ltr'><em>torum</em></span> <span class='ocrx_word' id='word_1_50' title='bbox 453 1245 698 1350; x_wconf 89' lang='lat' dir='ltr'><em>antiquorum</em></span> <span class='ocrx_word' id='word_1_51' title='bbox 724 1236 910 1348; x_wconf 77' lang='lat' dir='ltr'><em>reliquias</em></span> <span class='ocrx_word' id='word_1_52' title='bbox 931 1240 1134 1348; x_wconf 82' lang='lat' dir='ltr'><em>publicare</em></span> <span class='ocrx_word' id='word_1_53' title='bbox 1159 1259 1240 1326; x_wconf 89' lang='lat' dir='ltr'><em>tum</em></span> <span class='ocrx_word' id='word_1_54' title='bbox 1270 1248 1336 1326; x_wconf 82' lang='lat' dir='ltr'><em>oi-</em></span> 
     </span>
     <span class='ocr_line' id='line_1_10' title="bbox 288 1349 1337 1469; baseline -0.002 -29"><span class='ocrx_word' id='word_1_55' title='bbox 288 1353 380 1469; x_wconf 89' lang='lat' dir='ltr'><em>som</em></span> <span class='ocrx_word' id='word_1_56' title='bbox 402 1353 477 1464; x_wconf 80' lang='lat' dir='ltr'><em>est,</em></span> <span class='ocrx_word' id='word_1_57' title='bbox 503 1379 575 1434; x_wconf 92' lang='lat' dir='ltr'><em>non</em></span> <span class='ocrx_word' id='word_1_58' title='bbox 602 1369 646 1432; x_wconf 90' lang='lat' dir='ltr'><em>ut</em></span> <span class='ocrx_word' id='word_1_59' title='bbox 674 1353 909 1456; x_wconf 72' lang='lat' dir='ltr'><em>appendicem</em></span> <span class='ocrx_word' id='word_1_60' title='bbox 938 1351 1056 1434; x_wconf 86' lang='lat' dir='ltr'><em>libelli</em></span> <span class='ocrx_word' id='word_1_61' title='bbox 1082 1357 1154 1436; x_wconf 90' lang='lat' dir='ltr'><em>mei</em></span> <span class='ocrx_word' id='word_1_62' title='bbox 1165 1411 1178 1454; x_wconf 85' lang='lat'>‚</span> <span class='ocrx_word' id='word_1_63' title='bbox 1197 1349 1270 1464; x_wconf 88' lang='lat' dir='ltr'><em>sed</em></span> <span class='ocrx_word' id='word_1_64' title='bbox 1290 1369 1337 1439; x_wconf 91' lang='lat' dir='ltr'><em>ut</em></span> 
     </span>
     <span class='ocr_line' id='line_1_11' title="bbox 292 1459 1337 1581; baseline 0.002 -31"><span class='ocrx_word' id='word_1_65' title='bbox 292 1466 557 1581; x_wconf 63' lang='lat' dir='ltr'><em>stuperatem,</em></span> <span class='ocrx_word' id='word_1_66' title='bbox 595 1459 651 1564; x_wconf 66' lang='lat'><em>&amp;⁹</em></span> <span class='ocrx_word' id='word_1_67' title='bbox 677 1461 740 1546; x_wconf 91' lang='lat' dir='ltr'><em>illo</em></span> <span class='ocrx_word' id='word_1_68' title='bbox 769 1461 892 1572; x_wconf 74' lang='lat' dir='ltr'><em>nestro</em></span> <span class='ocrx_word' id='word_1_69' title='bbox 903 1462 1165 1573; x_wconf 81' lang='lat' dir='ltr'><em>praestantius</em></span> <span class='ocrx_word' id='word_1_70' title='bbox 1185 1463 1337 1577; x_wconf 84' lang='lat' dir='ltr'><em>opuscu-</em></span> 
     </span>
     <span class='ocr_line' id='line_1_12' title="bbox 299 1576 1334 1691; baseline -0.006 -25"><span class='ocrx_word' id='word_1_71' title='bbox 299 1584 399 1678; x_wconf 80' lang='lat' dir='ltr'><em>nm,</em></span> <span class='ocrx_word' id='word_1_72' title='bbox 426 1579 522 1691; x_wconf 90' lang='lat' dir='ltr'><em>quod</em></span> <span class='ocrx_word' id='word_1_73' title='bbox 537 1591 688 1668; x_wconf 78' lang='lat' dir='ltr'><em>tamen,</em></span> <span class='ocrx_word' id='word_1_74' title='bbox 718 1577 783 1683; x_wconf 88' lang='lat' dir='ltr'><em>qui</em></span> <span class='ocrx_word' id='word_1_75' title='bbox 799 1576 963 1676; x_wconf 78' lang='lat' dir='ltr'><em>vellent,</em></span> <span class='ocrx_word' id='word_1_76' title='bbox 990 1604 1067 1658; x_wconf 88' lang='lat' dir='ltr'><em>una</em></span> <span class='ocrx_word' id='word_1_77' title='bbox 1091 1603 1230 1678; x_wconf 88' lang='lat' dir='ltr'><em>emere,</em></span> <span class='ocrx_word' id='word_1_78' title='bbox 1257 1584 1334 1660; x_wconf 89' lang='lat' dir='ltr'><em>cir·</em></span> 
     </span>
     <span class='ocr_line' id='line_1_13' title="bbox 298 1683 1334 1801; baseline -0.003 -26"><span class='ocrx_word' id='word_1_79' title='bbox 298 1690 495 1801; x_wconf 79' lang='lat' dir='ltr'><em>conferre</em></span> <span class='ocrx_word' id='word_1_80' title='bbox 517 1713 594 1771; x_wconf 91' lang='lat' dir='ltr'><em>uua</em></span> <span class='ocrx_word' id='word_1_81' title='bbox 621 1683 774 1796; x_wconf 81' lang='lat' dir='ltr'><em>poffent.</em></span> <span class='ocrx_word' id='word_1_82' title='bbox 835 1688 977 1770; x_wconf 71' lang='lat' dir='ltr'><em>torum</em></span> <span class='ocrx_word' id='word_1_83' title='bbox 1003 1689 1237 1773; x_wconf 80' lang='lat' dir='ltr'><em>intercedere</em></span> <span class='ocrx_word' id='word_1_84' title='bbox 1260 1715 1334 1772; x_wconf 92' lang='lat' dir='ltr'><em>non</em></span> 
     </span>
     <span class='ocr_line' id='line_1_14' title="bbox 295 1796 1334 1918; baseline 0.002 -33"><span class='ocrx_word' id='word_1_85' title='bbox 295 1807 424 1918; x_wconf 79' lang='lat' dir='ltr'><em>posui,</em></span> <span class='ocrx_word' id='word_1_86' title='bbox 452 1827 522 1910; x_wconf 89' lang='lat' dir='ltr'><em>quo</em></span> <span class='ocrx_word' id='word_1_87' title='bbox 541 1796 782 1905; x_wconf 76' lang='lat' dir='ltr'><em>minusloum</em></span> <span class='ocrx_word' id='word_1_88' title='bbox 800 1801 839 1880; x_wconf 88' lang='lat' dir='ltr'><em>in</em></span> <span class='ocrx_word' id='word_1_89' title='bbox 856 1799 1076 1884; x_wconf 85' lang='lat' dir='ltr'><em>ordinandis</em></span> <span class='ocrx_word' id='word_1_90' title='bbox 1097 1801 1233 1886; x_wconf 87' lang='lat' dir='ltr'><em>libellis</em></span> <span class='ocrx_word' id='word_1_91' title='bbox 1251 1822 1334 1886; x_wconf 92' lang='lat' dir='ltr'><em>con·</em></span> 
     </span>
     <span class='ocr_line' id='line_1_15' title="bbox 291 1908 903 2030; baseline -0.007 -30"><span class='ocrx_word' id='word_1_92' title='bbox 291 1917 415 2030; x_wconf 75' lang='lat' dir='ltr'><em>pilium</em></span> <span class='ocrx_word' id='word_1_93' title='bbox 434 1911 646 2022; x_wconf 87' lang='lat' dir='ltr'><em>Bibliopola</em></span> <span class='ocrx_word' id='word_1_94' title='bbox 660 1908 903 2020; x_wconf 78' lang='lat' dir='ltr'><em>sequeretur.</em></span> 
     </span>
    </p>

    <p class='ocr_par' dir='ltr' id='par_1_4' title="bbox 293 2019 1455 3478">
     <span class='ocr_line' id='line_1_16' title="bbox 358 2019 1333 2138; baseline -0.006 -23"><span class='ocrx_word' id='word_1_95' title='bbox 358 2031 559 2126; x_wconf 82' lang='lat' dir='ltr'><em>Caeterum</em></span> <span class='ocrx_word' id='word_1_96' title='bbox 583 2019 756 2134; x_wconf 81' lang='lat' dir='ltr'><em>expreffa</em></span> <span class='ocrx_word' id='word_1_97' title='bbox 781 2020 863 2124; x_wconf 72' lang='lat' dir='ltr'><em>est,</em></span> <span class='ocrx_word' id='word_1_98' title='bbox 900 2041 1084 2136; x_wconf 88' lang='lat' dir='ltr'><em>quantum</em></span> <span class='ocrx_word' id='word_1_99' title='bbox 1105 2053 1249 2112; x_wconf 84' lang='lat' dir='ltr'><em>curare</em></span> <span class='ocrx_word' id='word_1_100' title='bbox 1267 2041 1333 2138; x_wconf 88' lang='lat' dir='ltr'><em>po·</em></span> 
     </span>
     <span class='ocr_line' id='line_1_17' title="bbox 298 2131 1334 2246; baseline -0.005 -17"><span class='ocrx_word' id='word_1_101' title='bbox 298 2143 361 2229; x_wconf 89' lang='lat' dir='ltr'><em>toi</em></span> <span class='ocrx_word' id='word_1_102' title='bbox 384 2199 396 2238; x_wconf 90' lang='lat'>,</span> <span class='ocrx_word' id='word_1_103' title='bbox 427 2139 636 2224; x_wconf 85' lang='lat' dir='ltr'><em>Pithoeaua</em></span> <span class='ocrx_word' id='word_1_104' title='bbox 665 2131 771 2220; x_wconf 79' lang='lat' dir='ltr'><em>lollio</em></span> <span class='ocrx_word' id='word_1_105' title='bbox 791 2193 803 2233; x_wconf 86' lang='lat'>,</span> <span class='ocrx_word' id='word_1_106' title='bbox 838 2135 917 2220; x_wconf 88' lang='lat' dir='ltr'><em>illis</em></span> <span class='ocrx_word' id='word_1_107' title='bbox 934 2145 1098 2246; x_wconf 82' lang='lat' dir='ltr'><em>exceptis</em></span> <span class='ocrx_word' id='word_1_108' title='bbox 1118 2139 1235 2238; x_wconf 86' lang='lat' dir='ltr'><em>locis,</em></span> <span class='ocrx_word' id='word_1_109' title='bbox 1269 2140 1334 2225; x_wconf 90' lang='lat' dir='ltr'><em>ubi</em></span> 
     </span>
     <span class='ocr_line' id='line_1_18' title="bbox 298 2247 1335 2364; baseline -0.004 -26"><span class='ocrx_word' id='word_1_110' title='bbox 298 2248 612 2360; x_wconf 78' lang='lat' dir='ltr'><em>manifestiffimas</em></span> <span class='ocrx_word' id='word_1_111' title='bbox 656 2247 810 2332; x_wconf 86' lang='lat' dir='ltr'><em>unsdam</em></span> <span class='ocrx_word' id='word_1_112' title='bbox 829 2249 978 2335; x_wconf 82' lang='lat' dir='ltr'><em>mendas</em></span> <span class='ocrx_word' id='word_1_113' title='bbox 994 2253 1079 2334; x_wconf 88' lang='lat' dir='ltr'><em>tolli</em></span> <span class='ocrx_word' id='word_1_114' title='bbox 1096 2278 1253 2364; x_wconf 89' lang='lat' dir='ltr'><em>aequum</em></span> <span class='ocrx_word' id='word_1_115' title='bbox 1272 2255 1335 2334; x_wconf 77' lang='lat' dir='ltr'><em>oi-</em></span> 
     </span>
     <span class='ocr_line' id='line_1_19' title="bbox 299 2275 1332 2472; baseline -0.002 -24"><span class='ocrx_word' id='word_1_116' title='bbox 299 2364 496 2450; x_wconf 86' lang='lat' dir='ltr'><em>debatur:</em></span> <span class='ocrx_word' id='word_1_117' title='bbox 537 2363 578 2440; x_wconf 91' lang='lat' dir='ltr'><em>in</em></span> <span class='ocrx_word' id='word_1_118' title='bbox 600 2275 791 2468; x_wconf 67' lang='lat' dir='ltr'><em>plerisque</em></span> <span class='ocrx_word' id='word_1_119' title='bbox 814 2375 943 2442; x_wconf 91' lang='lat' dir='ltr'><em>tamen</em></span> <span class='ocrx_word' id='word_1_120' title='bbox 962 2369 1090 2472; x_wconf 88' lang='lat' dir='ltr'><em>potius</em></span> <span class='ocrx_word' id='word_1_121' title='bbox 1115 2364 1332 2446; x_wconf 88' lang='lat' dir='ltr'><em>emendandi</em></span> 
     </span>
     <span class='ocr_line' id='line_1_20' title="bbox 300 2469 1331 2582; baseline -0.015 -20"><span class='ocrx_word' id='word_1_122' title='bbox 300 2477 489 2562; x_wconf 88' lang='lat' dir='ltr'><em>rationem</em></span> <span class='ocrx_word' id='word_1_123' title='bbox 508 2474 548 2553; x_wconf 92' lang='lat' dir='ltr'><em>in</em></span> <span class='ocrx_word' id='word_1_124' title='bbox 570 2473 746 2578; x_wconf 83' lang='lat' dir='ltr'><em>margine</em></span> <span class='ocrx_word' id='word_1_125' title='bbox 773 2469 952 2554; x_wconf 78' lang='lat' dir='ltr'><em>indicavi.</em></span> <span class='ocrx_word' id='word_1_126' title='bbox 1012 2473 1196 2556; x_wconf 76' lang='lat' dir='ltr'><em>numeros</em></span> <span class='ocrx_word' id='word_1_127' title='bbox 1219 2491 1331 2582; x_wconf 92' lang='lat' dir='ltr'><em>appo.</em></span> 
     </span>
     <span class='ocr_line' id='line_1_21' title="bbox 300 2581 1333 2685; baseline -0.007 -13"><span class='ocrx_word' id='word_1_128' title='bbox 300 2585 435 2672; x_wconf 88' lang='lat' dir='ltr'><em>nendos</em></span> <span class='ocrx_word' id='word_1_129' title='bbox 454 2584 599 2667; x_wconf 85' lang='lat' dir='ltr'><em>cornui</em></span> <span class='ocrx_word' id='word_1_130' title='bbox 610 2639 622 2682; x_wconf 86' lang='lat'>,</span> <span class='ocrx_word' id='word_1_131' title='bbox 650 2597 695 2662; x_wconf 91' lang='lat' dir='ltr'><em>nt</em></span> <span class='ocrx_word' id='word_1_132' title='bbox 711 2597 821 2663; x_wconf 89' lang='lat' dir='ltr'><em>tanto</em></span> <span class='ocrx_word' id='word_1_133' title='bbox 841 2583 1057 2666; x_wconf 85' lang='lat' dir='ltr'><em>commodius</em></span> <span class='ocrx_word' id='word_1_134' title='bbox 1078 2581 1255 2666; x_wconf 85' lang='lat' dir='ltr'><em>adbiberi</em></span> <span class='ocrx_word' id='word_1_135' title='bbox 1273 2585 1333 2685; x_wconf 54' lang='grc' dir='ltr'><em>εἰ</em></span> 
     </span>
     <span class='ocr_line' id='line_1_22' title="bbox 296 2691 1337 2805; baseline -0.005 -20"><span class='ocrx_word' id='word_1_136' title='bbox 296 2696 460 2785; x_wconf 87' lang='lat' dir='ltr'><em>-landari</em></span> <span class='ocrx_word' id='word_1_137' title='bbox 474 2691 607 2804; x_wconf 75' lang='lat' dir='ltr'><em>polbnt</em></span> <span class='ocrx_word' id='word_1_138' title='bbox 625 2691 667 2778; x_wconf 91' lang='lat' dir='ltr'><em>bi</em></span> <span class='ocrx_word' id='word_1_139' title='bbox 687 2691 807 2774; x_wconf 88' lang='lat' dir='ltr'><em>libelli</em></span> <span class='ocrx_word' id='word_1_140' title='bbox 824 2697 865 2775; x_wconf 89' lang='lat' dir='ltr'><em>iu</em></span> <span class='ocrx_word' id='word_1_141' title='bbox 881 2693 1076 2802; x_wconf 77' lang='lat' dir='ltr'><em>posterum.</em></span> <span class='ocrx_word' id='word_1_142' title='bbox 1132 2697 1337 2805; x_wconf 87' lang='lat' dir='ltr'><em>Exemplo·</em></span> 
     </span>
     <span class='ocr_line' id='line_1_23' title="bbox 300 2803 1336 2918; baseline -0.014 -20"><span class='ocrx_word' id='word_1_143' title='bbox 300 2835 391 2898; x_wconf 86' lang='lat' dir='ltr'><em>runs</em></span> <span class='ocrx_word' id='word_1_144' title='bbox 399 2803 506 2917; x_wconf 87' lang='lat' dir='ltr'><em>sedes</em></span> <span class='ocrx_word' id='word_1_145' title='bbox 523 2803 696 2888; x_wconf 88' lang='lat' dir='ltr'><em>indicare</em></span> <span class='ocrx_word' id='word_1_146' title='bbox 712 2803 849 2913; x_wconf 89' lang='lat' dir='ltr'><em>ubique</em></span> <span class='ocrx_word' id='word_1_147' title='bbox 868 2810 984 2889; x_wconf 85' lang='lat' dir='ltr'><em>osium</em></span> <span class='ocrx_word' id='word_1_148' title='bbox 1005 2805 1167 2918; x_wconf 86' lang='lat' dir='ltr'><em>mstrum</em></span> <span class='ocrx_word' id='word_1_149' title='bbox 1188 2807 1336 2917; x_wconf 82' lang='lat' dir='ltr'><em>nouse.</em></span> 
     </span>
     <span class='ocr_line' id='line_1_24' title="bbox 299 2913 1334 3028; baseline -0.004 -19"><span class='ocrx_word' id='word_1_150' title='bbox 299 2921 427 3014; x_wconf 81' lang='lat' dir='ltr'><em>ribot.</em></span> <span class='ocrx_word' id='word_1_151' title='bbox 485 2913 645 3002; x_wconf 80' lang='lat' dir='ltr'><em>Folium</em></span> <span class='ocrx_word' id='word_1_152' title='bbox 664 2915 761 3000; x_wconf 88' lang='lat' dir='ltr'><em>illud</em></span> <span class='ocrx_word' id='word_1_153' title='bbox 775 2933 904 3001; x_wconf 82' lang='lat' dir='ltr'><em>consen</em></span> <span class='ocrx_word' id='word_1_154' title='bbox 925 2920 1146 3028; x_wconf 86' lang='lat' dir='ltr'><em>quibusdam</em></span> <span class='ocrx_word' id='word_1_155' title='bbox 1160 2923 1198 3005; x_wconf 90' lang='lat' dir='ltr'><em>in</em></span> <span class='ocrx_word' id='word_1_156' title='bbox 1222 2921 1334 3021; x_wconf 88' lang='lat' dir='ltr'><em>locis,</em></span> 
     </span>
     <span class='ocr_line' id='line_1_25' title="bbox 301 3027 1334 3154; baseline -0.005 -33"><span class='ocrx_word' id='word_1_157' title='bbox 301 3060 399 3154; x_wconf 83' lang='lat' dir='ltr'><em>quae</em></span> <span class='ocrx_word' id='word_1_158' title='bbox 423 3027 574 3114; x_wconf 90' lang='lat' dir='ltr'><em>dubium</em></span> <span class='ocrx_word' id='word_1_159' title='bbox 600 3027 777 3142; x_wconf 84' lang='lat' dir='ltr'><em>quiddam</em></span> <span class='ocrx_word' id='word_1_160' title='bbox 810 3044 882 3112; x_wconf 88' lang='lat' dir='ltr'><em>aut</em></span> <span class='ocrx_word' id='word_1_161' title='bbox 908 3029 1170 3135; x_wconf 86' lang='lat' dir='ltr'><em>difficultatem</em></span> <span class='ocrx_word' id='word_1_162' title='bbox 1195 3033 1334 3119; x_wconf 84' lang='lat' dir='ltr'><em>babere</em></span> 
     </span>
     <span class='ocr_line' id='line_1_26' title="bbox 299 3140 1332 3256; baseline -0.01 -20"><span class='ocrx_word' id='word_1_163' title='bbox 299 3147 545 3238; x_wconf 81' lang='lat' dir='ltr'><em>uidebantur.</em></span> <span class='ocrx_word' id='word_1_164' title='bbox 602 3143 650 3226; x_wconf 88' lang='lat' dir='ltr'><em>Iu</em></span> <span class='ocrx_word' id='word_1_165' title='bbox 676 3140 766 3225; x_wconf 87' lang='lat' dir='ltr'><em>aliis</em></span> <span class='ocrx_word' id='word_1_166' title='bbox 791 3157 907 3250; x_wconf 88' lang='lat' dir='ltr'><em>turpe</em></span> <span class='ocrx_word' id='word_1_167' title='bbox 923 3167 993 3226; x_wconf 90' lang='lat' dir='ltr'><em>non</em></span> <span class='ocrx_word' id='word_1_168' title='bbox 1017 3147 1332 3256; x_wconf 73' lang='lat' dir='ltr'><em>perquisissem,</em></span> 
     </span>
     <span class='ocr_line' id='line_1_27' title="bbox 293 3251 1455 3378; baseline -0.006 -33"><span class='ocrx_word' id='word_1_169' title='bbox 293 3263 330 3376; x_wconf 72' lang='lat' dir='ltr'><em>li</em></span> <span class='ocrx_word' id='word_1_170' title='bbox 342 3257 432 3378; x_wconf 93' lang='lat' dir='ltr'><em>quid</em></span> <span class='ocrx_word' id='word_1_171' title='bbox 445 3271 521 3340; x_wconf 83' lang='lat' dir='ltr'><em>non&#39;</em></span> <span class='ocrx_word' id='word_1_172' title='bbox 533 3251 769 3367; x_wconf 70' lang='lat' dir='ltr'><em>assequerer:</em></span> <span class='ocrx_word' id='word_1_173' title='bbox 799 3277 913 3365; x_wconf 92' lang='lat' dir='ltr'><em>quam</em></span> <span class='ocrx_word' id='word_1_174' title='bbox 938 3260 1128 3341; x_wconf 89' lang='lat' dir='ltr'><em>rationem</em></span> <span class='ocrx_word' id='word_1_175' title='bbox 1139 3257 1346 3368; x_wconf 78' lang='lat' dir='ltr'><em>fisemper·</em></span> <span class='ocrx_word' id='word_1_176' title='bbox 1454 3317 1455 3322; x_wconf 15' lang='grc' dir='ltr'><strong><em>κ</em></strong></span> 
     </span>
     <span class='ocr_line' id='line_1_28' title="bbox 299 3365 1337 3478; baseline -0.009 -17"><span class='ocrx_word' id='word_1_177' title='bbox 299 3384 503 3466; x_wconf 81' lang='lat' dir='ltr'><em>tenerent,</em></span> <span class='ocrx_word' id='word_1_178' title='bbox 538 3370 604 3478; x_wconf 89' lang='lat' dir='ltr'><em>qui</em></span> <span class='ocrx_word' id='word_1_179' title='bbox 630 3365 747 3450; x_wconf 87' lang='lat' dir='ltr'><em>libros</em></span> <span class='ocrx_word' id='word_1_180' title='bbox 776 3367 947 3475; x_wconf 87' lang='lat' dir='ltr'><em>antiquos</em></span> <span class='ocrx_word' id='word_1_181' title='bbox 971 3367 1117 3467; x_wconf 81' lang='lat' dir='ltr'><em>edunt,</em></span> <span class='ocrx_word' id='word_1_182' title='bbox 1152 3367 1238 3476; x_wconf 88' lang='lat' dir='ltr'><em>ipsa</em></span> <span class='ocrx_word' id='word_1_183' title='bbox 1264 3369 1337 3452; x_wconf 90' lang='lat' dir='ltr'><em>illa</em></span> 
     </span>
    </p>

    <p class='ocr_par' dir='ltr' id='par_1_5' title="bbox 5 3473 1338 3712">
     <span class='ocr_line' id='line_1_29' title="bbox 5 3473 1337 3601; baseline -0.006 -31"><span class='ocrx_word' id='word_1_184' title='bbox 5 3499 6 3510; x_wconf 68' lang='lat'>‘</span> <span class='ocrx_word' id='word_1_185' title='bbox 108 3527 111 3536; x_wconf 92' lang='lat'>·</span> <span class='ocrx_word' id='word_1_186' title='bbox 171 3534 174 3548; x_wconf 88' lang='lat'><strong>·</strong></span> <span class='ocrx_word' id='word_1_187' title='bbox 238 3483 245 3530; x_wconf 82' lang='lat'>¹</span> <span class='ocrx_word' id='word_1_188' title='bbox 299 3481 521 3601; x_wconf 81' lang='lat' dir='ltr'><em>profeffiom</em></span> <span class='ocrx_word' id='word_1_189' title='bbox 548 3479 676 3562; x_wconf 85' lang='lat' dir='ltr'><em>literis</em></span> <span class='ocrx_word' id='word_1_190' title='bbox 705 3473 945 3587; x_wconf 82' lang='lat' dir='ltr'><em>prodeffens,</em></span> <span class='ocrx_word' id='word_1_191' title='bbox 983 3479 1049 3563; x_wconf 88' lang='lat' dir='ltr'><em>oet</em></span> <span class='ocrx_word' id='word_1_192' title='bbox 1073 3477 1337 3588; x_wconf 83' lang='lat' dir='ltr'><em>consolandis,</em></span> 
     </span>
     <span class='ocr_line' id='line_1_30' title="bbox 303 3587 1338 3712; baseline -0.009 -33"><span class='ocrx_word' id='word_1_193' title='bbox 303 3599 370 3712; x_wconf 91' lang='lat' dir='ltr'><em>qui</em></span> <span class='ocrx_word' id='word_1_194' title='bbox 389 3597 457 3689; x_wconf 77' lang='lat' dir='ltr'><em>dli</em></span> <span class='ocrx_word' id='word_1_195' title='bbox 468 3590 685 3705; x_wconf 89' lang='lat' dir='ltr'><em>displicent,</em></span> <span class='ocrx_word' id='word_1_196' title='bbox 714 3615 797 3674; x_wconf 91' lang='lat' dir='ltr'><em>cum</em></span> <span class='ocrx_word' id='word_1_197' title='bbox 816 3587 999 3700; x_wconf 89' lang='lat' dir='ltr'><em>quaedam</em></span> <span class='ocrx_word' id='word_1_198' title='bbox 1013 3615 1084 3676; x_wconf 93' lang='lat' dir='ltr'><em>non</em></span> <span class='ocrx_word' id='word_1_199' title='bbox 1101 3594 1338 3700; x_wconf 85' lang='lat' dir='ltr'><em>intelligunt,</em></span> 
     </span>
    </p>

    <p class='ocr_par' dir='ltr' id='par_1_6' title="bbox 238 3699 1340 3813">
     <span class='ocr_line' id='line_1_31' title="bbox 238 3699 1340 3813; baseline -0.006 -19"><span class='ocrx_word' id='word_1_200' title='bbox 238 3745 246 3758; x_wconf 67' lang='grc'><em>’</em></span> <span class='ocrx_word' id='word_1_201' title='bbox 303 3702 565 3793; x_wconf 75' lang='lat' dir='ltr'><em>vitaliorum</em></span> <span class='ocrx_word' id='word_1_202' title='bbox 584 3702 714 3813; x_wconf 87' lang='lat' dir='ltr'><em>studio</em></span> <span class='ocrx_word' id='word_1_203' title='bbox 751 3699 804 3784; x_wconf 90' lang='lat' dir='ltr'><em>ad</em></span> <span class='ocrx_word' id='word_1_204' title='bbox 833 3701 1039 3784; x_wconf 90' lang='lat' dir='ltr'><em>conandum</em></span> <span class='ocrx_word' id='word_1_205' title='bbox 1072 3705 1340 3788; x_wconf 88' lang='lat' dir='ltr'><em>aemulationis</em></span> 
     </span>
    </p>

    <p class='ocr_par' dir='ltr' id='par_1_7' title="bbox 300 3811 1346 3930">
     <span class='ocr_line' id='line_1_32' title="bbox 300 3811 1346 3930; baseline -0.004 -29"><span class='ocrx_word' id='word_1_206' title='bbox 300 3815 461 3922; x_wconf 74' lang='lat' dir='ltr'><em>stimulis</em></span> <span class='ocrx_word' id='word_1_207' title='bbox 478 3813 717 3904; x_wconf 84' lang='lat' dir='ltr'><em>accendendo.</em></span> <span class='ocrx_word' id='word_1_208' title='bbox 730 3813 814 3930; x_wconf 75' lang='lat' dir='ltr'><em>Ser.</em></span> <span class='ocrx_word' id='word_1_209' title='bbox 831 3812 1050 3927; x_wconf 79' lang='lat' dir='ltr'><em>Gottingae.</em></span> <span class='ocrx_word' id='word_1_210' title='bbox 1072 3844 1109 3908; x_wconf 83' lang='lat' dir='ltr'><em>a</em></span> <span class='ocrx_word' id='word_1_211' title='bbox 1127 3811 1346 3906; x_wconf 65' lang='lat' dir='ltr'><em>dmum</em></span> 
     </span>
    </p>
   </div>
   <div class='ocr_carea' id='block_1_3' title="bbox 6 3923 1360 4092">
    <p class='ocr_par' dir='ltr' id='par_1_8' title="bbox 6 3923 1360 4092">
     <span class='ocr_line' id='line_1_33' title="bbox 6 3923 1360 4092; baseline -0.013 -69"><span class='ocrx_word' id='word_1_212' title='bbox 6 4031 8 4092; x_wconf 43' lang='lat' dir='ltr'><em>q</em></span> <span class='ocrx_word' id='word_1_213' title='bbox 301 3927 440 4038; x_wconf 81' lang='lat' dir='ltr'><em>Mart.</em></span> <span class='ocrx_word' id='word_1_214' title='bbox 466 3949 699 4018; x_wconf 72' lang='lat' dir='ltr'><em>nocem.-</em></span> <span class='ocrx_word' id='word_1_215' title='bbox 820 3999 833 4010; x_wconf 89' lang='lat'><em>..</em></span> <span class='ocrx_word' id='word_1_216' title='bbox 1252 3923 1360 4026; x_wconf 43' lang='lat' dir='ltr'><em>HI„</em></span> 
     </span>
    </p>
   </div>
   <div class='ocr_carea' id='block_1_4' title="bbox 6 4101 86 4263">
    <p class='ocr_par' dir='ltr' id='par_1_9' title="bbox 6 4101 86 4294">
     <span class='ocr_line' id='line_1_34' title="bbox 6 4101 86 4263; baseline -0.013 -147"><span class='ocrx_word' id='word_1_217' title='bbox 6 4101 9 4263; x_wconf 42' lang='lat' dir='ltr'><em>q</em></span> <span class='ocrx_word' id='word_1_218' title='bbox 83 4109 86 4115; x_wconf 69' lang='grc'>,</span> 
     </span>
    </p>
   </div>
   <div class='ocr_carea' id='block_1_5' title="bbox 0 0 1469 4740">
    <p class='ocr_par' dir='ltr' id='par_1_10' title="bbox 0 0 1469 4740">
     <span class='ocr_line' id='line_1_35' title="bbox 0 0 1469 4740; baseline 0 0"><span class='ocrx_word' id='word_1_219' title='bbox 0 0 1469 4740; x_wconf 95' lang='lat' dir='ltr'><em> </em></span> 
     </span>
    </p>
   </div>
  </div>
 </body>
</html>
