2916 4740
1040 302 1161 374 XXIX

134 489 568 626 ROBERTI
640 487 1134 624 STEPHANI

136 756 1056 952 ,runnunrro

145 1062 167 1105 τ
211 1064 271 1135 χ).
303 1135 308 1146 ,
345 1071 408 1127 um
443 1067 627 1152 magnam
657 1039 826 1128 orationi
860 1041 985 1126 lucem
1017 1039 1154 1132 afferre

255 1178 266 1195 ‘
361 1157 504 1240 soleant
525 1153 677 1238 habitus
707 1155 784 1252 illi,
811 1151 854 1236 δι
879 1150 981 1262 quali
1005 1153 1154 1266 figurae

120 1324 156 1375 t,
182 1310 227 1344 a(
360 1294 450 1350 cum
477 1269 778 1364 sententiatum,
807 1283 890 1348 tum
922 1263 1156 1370 verborum,

121 1446 125 1451 .
161 1441 163 1445 .
209 1440 215 1449 ‚
244 1473 252 1492 Ι
283 1382 321 1405 ‘
363 1407 460 1490 quae
486 1375 627 1462 Graeci
646 1373 809 1494 wipo&
834 1395 1001 1460 vocant:
1029 1404 1154 1490 eoque

107 1521 132 1573 a
168 1505 361 1580 Licerune
394 1491 539 1574 lumina
574 1493 762 1596 orationis
800 1488 1003 1572 nominata
1042 1486 1150 1576 lint:

110 1629 265 1716 magno
289 1623 394 1689 certe
412 1603 487 1687 Dei
511 1599 701 1688 beneficio
722 1596 870 1684 facium
894 1595 969 1686 elle
985 1597 1115 1707 judico
1135 1661 1151 1704 ,

82 1732 153 1806 ‚ut
180 1715 365 1802 authores
392 1713 457 1816 hi,
482 1738 578 1824 quos
610 1713 680 1796 tibi
701 1740 809 1798 nunc
835 1707 996 1809 damus,
1024 1714 1152 1800 nostra

106 1823 278 1940 denique
307 1846 436 1914 aetate
465 1821 538 1910 fint
565 1826 606 1909 in
626 1823 840 1930 Germania
863 1825 1047 1918 inventi:
1084 1829 1154 1936 qni
1219 1855 1221 1860 ’

103 1933 154 2021 de
176 1939 311 2058 figuris
331 1943 386 2026 ita
414 1937 608 2044 trat‘lunt,
636 1959 680 2024 ut
709 1963 829 2024 nemo
855 1960 941 2019 mea
961 1937 1151 2034 sententia

100 2075 229 2159 neque
267 2051 452 2153 brevius,
505 2078 633 2162 neque
671 2049 901 2162 elegantius.
934 2051 979 2131 in
1012 2051 1146 2160 primis

101 2159 274 2248 Rutilius
294 2165 458 2276 Lupus,
494 2161 686 2274 Gorgiam
707 2163 892 2260 secutus,
930 2187 1015 2244 non
1038 2163 1145 2247 illum

102 2265 384 2374 Leontinum,
420 2269 631 2357 sedatium
664 2273 719 2354 sui
752 2271 971 2378 temporis,
1009 2291 1054 2356 ut
1090 2275 1145 2360 ait

98 2381 382 2486 Quintilianus.
430 2382 494 2492 qui
520 2383 576 2468 ita
606 2383 810 2469 sententias
834 2381 1144 2486 Demosthenis,

96 2489 261 2602 Lyliae,
300 2494 497 2609 Lycurgi,
534 2495 775 2605 aliorumque
801 2493 991 2580 nobilium
1020 2494 1143 2582 Grae·

94 2608 178 2688 tiae
205 2627 403 2695 oratorum
432 2607 572 2692 Latine
606 2607 824 2716 exprimit,
870 2623 913 2690 ut
939 2607 1140 2722 Ciceronis

92 2721 268 2802 aemulus
301 2717 443 2820 soille,
487 2745 571 2804 non
596 2721 718 2804 solum
747 2717 922 2804 imitator
952 2716 1139 2808 videatur.

93 2828 308 2914 Enimvero
335 2831 511 2944 egregius
531 2831 592 2916 lric
613 2829 754 2915 author
772 2829 828 2912 ita
852 2853 1034 2943 corrupte
1056 2832 1137 2920 edi·

94 2938 298 3024 tusadlrnc
317 2967 431 3044 erat,
452 2963 495 3024 ut
520 2969 637 3028 nemo
663 2940 778 3042 ellet,
806 2968 898 3025 cum
916 2969 1054 3030 omnes
1078 2965 1135 3031 ta·

92 3076 185 3134 men
205 3053 474 3152 utiliffimum,
500 3055 675 3166 lectuque
702 3051 966 3164 digniffimum
988 3053 1136 3157 iudica-

92 3181 205 3264 rent,
235 3167 405 3272 quicum
433 3165 626 3278 discipulis
653 3167 725 3252 suis
753 3169 996 3275 interpretari
1015 3167 1132 3253 aude·

89 3295 159 3359 ret.
227 3275 351 3383 Quod
380 3306 455 3366 nos
486 3306 576 3364 cum
608 3273 1038 3380 animadverteremus,
1076 3277 1129 3364 usi

87 3385 302 3476 amicorum
320 3417 462 3502 opera,
490 3393 543 3476 ita
555 3389 833 3477 restituendum
852 3391 962 3476 vobis
979 3392 1129 3475 curavi·

87 3523 205 3597 mus,
233 3520 277 3583 ut
295 3524 445 3611 praeter
463 3499 545 3589 du'o
572 3507 679 3602 loca,
731 3529 800 3586 uae
819 3521 952 3587 tamen
980 3502 1124 3586 alleris-

82 3611 139 3692 cis
173 3615 437 3717 notavimus,
485 3618 680 3729 integrum
704 3531 798 3699 aare
825 3641 899 3698 nos
932 3613 1122 3703 Rutilium

79 3717 347 3809 confidamus.
405 3725 528 3834 Quod
559 3755 610 3815 ne
629 3755 704 3816 nos
723 3725 876 3838 fingere
896 3723 1121 3829 arbitreris,

988 3865 1122 3930 exem·
