2916 4740
194 284 540 382 ouarouuuu
576 224 945 378 ciiucouuu.
1000 309 1171 380 xxxva

122 483 269 600 'giunm
297 499 511 582 oratorem,
538 495 611 566 ant
632 479 895 582 Corinthiun,
922 495 993 564 aut
1015 477 1164 564 Theba-

129 623 222 680 num
231 593 313 704 stit
321 593 443 704 sniffe
459 593 687 704 temporibus
702 594 783 678 illis
795 600 815 676 i
829 638 964 663 --
976 591 1164 676 Lacedae-

129 713 286 792 moniun
306 732 401 792 uero
433 705 619 818 usquead
639 705 706 792 hoc
724 721 867 816 tenpus
889 704 1027 791 audiui
1041 701 1162 814 saaffe

129 824 316 904 neminem.
376 820 507 924 Quem
525 821 655 903 locum
675 815 726 902 ob
753 823 885 902 oculos
912 817 1049 902 habuit
1071 818 1161 899 Vel-

124 935 217 1045 lejus
243 933 390 1017 Patere.
421 933 450 1015 s.
482 937 542 1018 18.
584 931 674 1014 Una
703 931 794 1014 urbs
815 931 959 1012 sittim
985 929 1159 1038 pluribus
1220 1023 1223 1038 Ι

118 1047 231 1130 anais
250 1043 500 1157 eloquentiae,
530 1067 644 1154 qnam
660 1037 845 1151 uniuersa
856 1044 1047 1139 Graecia,
1074 1057 1158 1152 ope-

119 1156 302 1266 ribusque
321 1159 494 1268 floruit,
528 1153 619 1238 adeo
646 1171 690 1236 at
715 1170 876 1262 corpora
895 1155 1022 1260 gentis
1049 1154 1155 1235 illins

107 1263 303 1378 separata
328 1269 401 1373 fiat
431 1271 471 1354 in
500 1266 601 1351 alias
626 1269 843 1364 ciuitates,
880 1267 1034 1370 ingenia
1062 1288 1158 1348 veen

106 1376 207 1490 solis
225 1379 506 1491 Athenienfium
527 1380 647 1462 maris
662 1372 796 1486 esansa
819 1373 1021 1485 enssines.
1079 1377 1159 1458 isle·

122 1517 195 1602 que
226 1516 292 1598 ego
315 1490 381 1574 hoc
406 1494 528 1604 magis
563 1493 729 1573 miratus
744 1485 870 1602 fian,
902 1513 1014 1602 qnam
1043 1494 1156 1572 neni-

121 1629 206 1686 nem
235 1605 468 1712 Argianm,
524 1599 776 1700 aueaaaan,
823 1599 1155 1684 Lacedaemoniam

119 1731 337 1815 oratorem,
366 1731 439 1800 aut
464 1716 549 1800 dana
576 1719 682 1798 uixit
702 1709 959 1812 auiioritate,
986 1728 1058 1796 ant
1072 1713 1154 1822 poli

116 1843 277 1914 mortem
301 1832 483 1913 memoria
508 1827 659 1936 dignum
675 1823 941 1932 axssieaatum.
998 1824 1064 1908 Sic
1088 1826 1156 1908 ha-

119 1940 186 2024 bet
209 1940 364 2024 unicum
387 1936 483 2024 illud
504 1942 699 2048 exemplar
720 1936 1000 2036 Murbacense,
1028 1963 1050 2020 e
1075 1955 1154 2046 quo

115 2055 290 2160 prolatus
306 2054 474 2160 Velleius
494 2051 557 2139 est
613 2046 690 2141 sed
707 2051 786 2176 ejus
802 2046 994 2154 editores,
1034 2050 1155 2134 etiam

115 2161 403 2262 BurmauuuS,
445 2189 633 2286 non-pro
665 2163 807 2283 relaqup
835 2161 901 2244 sua
937 2161 1152 2274 religione,
1299 2253 1302 2258 ¹
1396 2235 1399 2242 ,

117 2271 237 2380 Lipfii
255 2273 519 2372 coniecturam
547 2300 588 2354 m
607 2291 757 2357 textum
777 2291 1031 2356 invexerunt:
1063 2273 1168 2362 Uno

118 2383 215 2470 orbs
240 2387 385 2468 Attica
409 2383 587 2494 pluribus
624 2385 734 2467 anais
764 2383 996 2494 eloquentia,
1033 2411 1149 2498 anam

114 2492 304 2608 uniuersa
347 2497 545 2594 Graecia,
583 2495 807 2606 uberiusque
826 2497 982 2604 floruit.
1051 2501 1148 2582 Noli

112 2606 314 2708 dubitare,
355 2609 448 2716 quin
478 2610 649 2722 Velsejus
678 2609 891 2717 scripserit:
934 2609 1023 2696 Una
1053 2609 1148 2695 nass
1193 2687 1196 2693 ,

111 2724 257 2805 Attica
277 2719 454 2826 pluribus
472 2716 598 2830 sanae
623 2720 888 2831 eloquentiae,
925 2748 1038 2831 qaam
1062 2730 1146 2806 uui-

114 2829 230 2942 versa
256 2835 447 2930 Graecia,
475 2832 648 2942 operibus
663 2828 840 2938 effloruit.
900 2836 1041 2917 Sanane
1074 2837 1146 2918 el-

112 2946 306 3052 auentiaea
352 2943 523 3052 opponit
559 2965 762 3052 corruptae
791 2937 1071 3044 Asiaticorum,
1101 2969 1147 3034 ut

114 3054 252 3138 Cicero
279 3057 302 3138 l.
330 3081 361 3137 c.
388 3059 449 3137 ita
474 3059 729 3164 peregrinata
754 3069 838 3139 tota
866 3057 964 3164 Asta
991 3057 1064 3162 est,
1100 3077 1145 3141 at

63 3233 65 3238 .
105 3161 358 3274 seexternis
394 3166 577 3251 oblineret
607 3168 803 3264 aeonibus,
853 3193 1062 3280 omnemque
1097 3171 1169 3262 il«,
1235 3161 1237 3166 ’

114 3277 190 3360 lam
231 3282 390 3364 Atticae
425 3275 593 3364 dissionis
639 3279 745 3390 qnafi
766 3277 983 3384 sanitatem
1013 3284 1152 3390 perun
1226 3331 1230 3338 ·

115 3401 191 3470 ret.
243 3391 307 3484 ubi
342 3389 551 3476 Lambinus
580 3391 685 3472 MSti
704 3391 932 3477 auctoritate
962 3393 1060 3474 bene
1080 3417 1146 3474 ex·

113 3499 259 3608 punpic
293 3499 451 3610 glossam
477 3499 788 3610 salubritatem,
833 3501 1011 3612 quicquid
1038 3497 1143 3590 dicat

111 3609 422 3695 membranarum
446 3613 595 3697 suanum
633 3613 903 3725 mancipium,
940 3611 1141 3704 Gruterus·

112 3719 215 3806 Mox
240 3722 396 3807 Cicero:
425 3723 564 3810 Rhodii
582 3723 830 3838 saniores&
849 3727 1070 3810 Atticorum
1092 3733 1141 3837 s-

111 3833 294 3964 milities.
354 3829 461 3926 Idem
488 3835 537 3924 de
566 3858 766 4004 οριξὲἓ.
794 3835 866 3920 dic.
885 3860 921 3943 3.
952 3841 1144 4040 innitemini·

787 3970 809 4056 3
1104 3955 1121 4038 s
1138 3997 1156 4020 ·
