2836 4726
249 243 428 400 ‘neon
496 257 822 426 urnro'urn
858 255 1145 377 'currren'

273 499 384 590 gnres
403 478 608 566 hominurn
631 475 809 564 manibus
836 481 990 577 excuti,
1018 479 1061 564 &
1087 477 1314 590 perfet‘iiffi-

276 617 342 670 ma
373 616 548 702 quaeque
576 597 752 702 exempla
785 590 834 674 nd
867 589 1100 676 imitandum
1128 595 1315 704 proponi.

274 695 448 804 Verum,
467 703 557 810 quid
576 695 893 814 perferfiiffirnunr
911 700 978 804 fit,
986 701 1179 816 judicare,
1191 731 1316 814 quam

273 839 417 926 anceps
441 815 492 897 est
521 816 565 898 ὄι
592 813 781 899 difficile!
820 817 968 898 Nonne
995 815 1167 924 suspicari
1190 821 1317 917 licet,

267 927 371 1010 ‘alios
392 952 439 1010 ex
458 923 533 1010 hoc
553 927 776 1036 scriptorum
795 926 914 1012 choro
933 924 1158 1012 fastidiosius
1184 931 1319 1012 exciu-

270 1039 335 1124 'sos
352 1035 451 1136 eise,
478 1040 572 1124 alios
590 1037 706 1124 nimis
726 1037 972 1150 indulgenter
991 1038 1188 1148 receptos?
1216 1037 1318 1139 Cur,

272 1169 323 1236 nt
345 1148 418 1235 hoc
440 1170 551 1256 utar,
577 1149 804 1260 Dinerrho,
830 1175 944 1260 quern
973 1146 1041 1260 ipsi
1058 1170 1210 1236 veteres
1227 1151 1318 1236 tur-

275 1259 450 1349 deaceum
474 1261 762 1370 Demosthenem.
777 1285 944 1362 vocant,
972 1265 1074 1346 inter
1099 1261 1231 1348 decem
1251 1265 1313 1344 O-

275 1395 427 1458 ratores
447 1373 603 1459 Atticos
622 1379 730 1470 locus
749 1369 861 1460 datus
879 1373 957 1474 est,
988 1375 1204 1484 praeteritis
1225 1375 1312 1457 Cai-

276 1481 423 1576 iistrato
453 1485 495 1570 δι
521 1479 815 1587 Leodamante,
853 1513 1019 1596 quorum
1051 1487 1316 1594 eloquentiam

275 1596 394 1685 iidem
423 1594 601 1682 laudibus
626 1599 668 1683 in
698 1601 848 1682 coelum
876 1595 1039 1684 ferunt?
1079 1599 1318 1708 Quanquam

278 1707 419 1808 uideo,
430 1707 738 1794 Gram'maticum
750 1707 846 1793 Bibl.
858 1707 974 1794 Coiss.
987 1711 1011 1792 1.
1020 1736 1051 1792 c.
1069 1735 1216 1792 novem
1233 1729 1316 1794 tan·

139 1911 143 1922 ,
275 1835 367 1905 turn
378 1811 1315 1924 OratorerAtticos,omiffoDinarchossecensess

276 1957 336 2018 re.
346 1929 423 2016 Sed
439 1929 483 2014 fit
494 1956 593 2016 unus
604 1931 899 2041 &alter,que1n
916 1930 1074 2016 admitti
1092 1935 1312 2042 oportebat,

280 2044 666 2156 repudiatuszteneat
684 2045 848 2154 primas,
862 2045 924 2126 cui
943 2041 1132 2129 secundae
1151 2043 1314 2128 tribuen-

276 2155 355 2240 dae
376 2175 496 2242 erant.
545 2156 653 2240 Leve
671 2153 748 2241 hoc
768 2159 910 2238 malurn
932 2182 1022 2268 prae
1040 2159 1187 2255 altero,
1201 2152 1317 2265 quod

282 2265 376 2350 inde
409 2267 660 2353 consecutum
698 2265 782 2367 est,
820 2263 942 2351 videri
976 2265 1104 2350 debet.
1161 2269 1319 2354 Etenim

178 2381 184 2396 '
222 2457 227 2468 .
276 2378 484 2490 'scriptores
505 2381 577 2479 illi‘,
605 2403 702 2492 quos
726 2379 861 2462 Critici
882 2404 1050 2463 numero
1073 2377 1321 2482 exemiffent‚

284 2493 453 2602 primum
476 2493 578 2605 legi,
603 2479 705 2576 &in
728 2489 904 2574 manibus
934 2489 1091 2588 versari,
1129 2513 1225 2572 mox
1254 2489 1323 2575 de·

233 2693 237 2700 ,
259 2605 402 2711 *scribi
416 2599 627 2698 desierunt,
656 2603 698 2687 &
717 2599 905 2702 tandem,
931 2622 976 2686 ut
995 2599 1070 2686 fieri
1097 2595 1246 2683 necesse
1278 2629 1323 2684 e-

277 2723 370 2812 rat,
398 2714 513 2818 plane
546 2711 835 2797 interciderunt.
893 2715 1007 2818 Quae
1033 2711 1221 2810 diximus,
1250 2735 1326 2795 ex-

278 2823 442 2930 empto,
475 2849 552 2932 quo
580 2827 730 2910 nullum
755 2825 915 2932 'reperiri
943 2825 1067 2932 potest
1094 2825 1255 2922 clarius,
1282 2825 1326 2908 il·

277 2933 499 3026 'lustremuu
566 2936 711 3020 Narrat
746 2933 905 3022 Photiuo
937 2935 1037 3022 Cod.
1063 2934 1256 3020 CCLXIi.
1287 2961 1327 3046 p.

218 3109 220 3115 ,
296 3051 416 3152 1461.
471 3049 630 3134 Paulum
650 3047 807 3161 Mysum
835 3052 974 3132 inultas
1001 3049 1324 3160 pulcerrimarque

289 3157 428 3275 Lysiae
448 3162 643 3248 orationes
652 3218 667 3262 ‚
696 3165 804 3244 uelut
820 3163 984 3269 spuriae,
1014 3157 1222 3246 damnaiie.
1257 3157 1325 3244 ud

277 3277 401 3474 'eritius
430 3275 565 3359 Critici
591 3271 862 3358 aucioriratem
891 3301 978 3356 curn
1009 3275 1046 3358 se
1075 3275 1223 3373 multi,
1263 3273 1336 3384 qui-

290 3388 331 3496 ip
348 3419 384 3490 r,
421 3383 512 3498 quid
541 3382 810 3486 vormerio,
843 3382 1011 3498 judicare
1036 3409 1121 3470 non
1152 3382 1329 3496 possent,

293 3521 439 3586 temere
461 3493 744 3609 'contulilient,
782 3497 980 3580 orationes
1006 3499 1088 3582 ilias
1107 3499 1229 3583 obelo
1254 3521 1330 3583 uo·

294 3631 395 3695 tatas
424 3607 562 3698 defiiffe
589 3606 773 3708 describi,
801 3625 916 3716 atque
947 3609 1034 3712 ita,
1073 3630 1222 3724 magno
1242 3611 1331 3694 eio-

278 3727 477 3828 'quentiae
519 3721 786 3822 detriment0‚
831 3719 989 3826 peni-sse.
1058 3723 1331 3808 Veruntamen

291 3855 380 3934 nou
405 3831 636 3946 defuerunt,
664 3837 728 3952 qui
751 3833 823 3922 suis
842 3827 1006 3922 seufibus
1023 3835 1180 3950 potius,
1207 3856 1333 4032 ‘qugm

292 3973 295 3980 .
1289 3970 1336 4031 e·
