2916 4740
293 265 629 420 murorum
675 285 1044 379 cnncconuu.
1111 316 1187 382 nn
1344 411 1350 418 p

145 487 247 588 bus,
276 480 381 594 quod
404 479 583 576 volebat,
607 475 820 586 persualrlle
848 477 1002 564 videtur
1025 479 1178 565 summo
1260 460 1264 469 ⁸

145 590 430 682 Hemllerlrusro
458 588 507 674 ad
535 587 669 674 Thom
702 589 810 702 Mag.
834 619 871 700 p.
896 600 986 678 810.
1015 619 1059 693 r,
1088 593 1178 676 Dis·

146 729 326 816 ceptatur
360 708 400 788 in
427 702 499 786 hac
527 696 744 784 Andocidis
768 707 975 804 oratione,
1012 707 1096 814 quis
1123 730 1173 786 erc

149 821 292 918 tribuo,
322 817 458 914 Nicia,
487 810 710 910 Alcibiade,
738 812 781 898 δι
800 813 1028 917 Andocide,
1057 813 1175 899 ostra.
1305 819 1311 832 '

143 930 260 1016 cismo
281 931 322 1012 in
341 926 500 1012 exilium
519 921 566 1007 lit
584 921 803 1036 ejiciendus.
862 927 936 1012 Hic
949 926 1073 1012 statim
1086 929 1175 1011 An·

141 1039 268 1127 docidi
298 1040 429 1123 minus
459 1037 650 1120 convenit
672 1061 758 1122 cum
783 1036 1107 1141 Plutarcho,qui
1132 1039 1173 1122 iu

141 1148 333 1238 Alcibiad.
361 1179 399 1260 p.
430 1151 517 1254 196.
543 1147 585 1229 E·
617 1173 699 1230 rem
728 1151 967 1232 ita-narrat:
1006 1149 1173 1234 Alcibia-

140 1263 232 1348 dem
260 1267 478 1377 juvenem,
513 1285 602 1342 cum
632 1255 680 1340 ad
702 1259 977 1369 rempublicam
1000 1260 1173 1346 acceffit·

141 1379 230 1474 set,
276 1372 506 1456 adversarios
542 1367 710 1454 habuille
747 1371 900 1456 Niciam
941 1370 984 1456 dc
1030 1371 1174 1456 Phaea-

143 1514 255 1584 cem,
283 1487 444 1568 alterum
473 1486 599 1566 senem
625 1481 669 1566 dc
689 1482 788 1568 bello
813 1485 981 1584 clarum,
1009 1489 1174 1568 alterum

137 1601 361 1712 juvenem,
398 1593 598 1692 nobilem,
635 1593 677 1678 δι
696 1596 782 1679 latia
805 1592 1043 1698 facundum,
1071 1603 1175 1694 cuim

142 1709 261 1796 etiarn
281 1727 391 1792 extet
418 1707 560 1792 Oratio
577 1703 763 1816 aduersus
781 1706 1030 1791 Alcibiadem.
1090 1705 1175 1790 Ho-

139 1849 228 1906 rum
260 1819 462 1928 potentiae
490 1845 581 1902 cum
609 1822 777 1927 populus
807 1815 1033 1918 invidillet,
1070 1819 1175 1904 exci-

141 1930 233 2018 talle
251 1932 548 2044 Hyperbolum,
577 1949 620 2013 ut
641 1932 711 2014 uui
732 1957 781 2015 ex
809 1929 930 2014 tribua
949 1933 1105 2016 exilium
1126 1933 1175 2013 ir·

140 2065 306 2154 rogaret.
334 2041 412 2128 Sed
431 2043 693 2140 Alcibiadem,
718 2069 759 2126 re
775 2045 1067 2131 communicata
1086 2069 1177 2128 cum

142 2155 289 2254 Nicia,
321 2157 418 2251 rel,
453 2151 590 2237 otalii
628 2151 813 2252 tradant,
851 2179 941 2237 cum
977 2153 1175 2251 Plraeace,

140 2265 302 2348 exilium
340 2264 381 2345 in
413 2261 717 2372 Hyperbolum,
755 2267 848 2348 nibil
886 2268 961 2347 tale
994 2267 1176 2368 cogitan-

142 2397 263 2472 tem,
304 2370 462 2460 vertille.
528 2376 595 2457 Sic
624 2373 843 2460 Plutarchus
877 2378 915 2460 in
946 2375 1173 2462 Alcibiadet

139 2483 261 2574 sedin
282 2485 394 2570 Nicia
415 2514 454 2595 p.
479 2506 570 2591 530.
591 2486 641 2570 D.
671 2485 834 2572 eandem
855 2515 936 2572 rtm
960 2493 1088 2596 paullo
1109 2491 1175 2570 ali·

137 2623 197 2684 ter
222 2595 359 2688 referte
389 2597 556 2684 Exilium
582 2593 734 2683 duobus
760 2619 943 2699 tantum,
973 2601 1111 2714 Niciae
1131 2599 1173 2684 br

135 2705 358 2809 Alcibiadi,
385 2706 615 2798 destinatum
647 2709 790 2816 fnille,
817 2710 881 2797 sed
908 2739 996 2812 eos,
1025 2714 1171 2798 sociatis
1215 2713 1218 2718 ’

135 2823 394 2916 ludionibus,
422 2822 692 2932 Hyperbolum
713 2822 906 2932 expulille.
937 2825 1170 2935 Theophra·

139 2934 236 3018 llum
257 2930 436 3036 quidem,
466 2960 579 3040 quem
599 2931 647 3020 de
677 2934 750 3018 hoc
774 2940 984 3022 certamine
1006 2939 1171 3022 inlibris

91 3071 98 3078 ·
140 3043 335 3146 melro'pmr
353 3043 613 3154 striplille,cx
631 3045 758 3130 Scliol.
772 3047 989 3132 Lucianind
1011 3048 1168 3130 Timon.

136 3187 175 3268 p.
201 3182 287 3262 ¹42·
306 3157 581 3268 intelligimus,
602 3187 674 3266 pro
687 3159 797 3242 Nicia
815 3162 1019 3244 nominare
1032 3158 1172 3242 Phaea-

138 3294 242 3372 cem3
264 3269 300 3356 se
320 3287 449 3352 tamen
471 3274 581 3354 malle
599 3270 861 3382 sequiplures,
880 3273 947 3381 qui
969 3269 1066 3356 duos
1085 3289 1171 3352 tan-

142 3379 368 3480 tummodo,
382 3383 533 3470 Niciam
547 3381 591 3467 &
605 3379 933 3480 Alcibiadem,do
953 3381 1171 3468 ollracilmo

140 3487 292 3572 certalle
310 3490 477 3576 tradant
534 3491 620 3606 jam
641 3519 728 3578 cum
752 3495 793 3576 in
810 3493 883 3584 ltac
909 3489 1170 3579 controverla

109 3601 247 3694 ‚nulla
279 3600 492 3684 Andocidiu
529 3604 680 3688 mentio
716 3603 814 3706 liat,
850 3627 988 3693 contra
1019 3599 1169 3692 Pineax

138 3737 225 3796 uon
246 3710 367 3796 solum
388 3714 521 3797 tertius
549 3715 589 3798 in
615 3713 690 3802 boc
708 3717 944 3808 certamine.
973 3713 1032 3798 sed
1053 3715 1169 3803 etium

137 3819 273 3924 nullut
284 3821 485 3916 Orationis
502 3827 543 3916 in
561 3822 805 3996 Alcd’ssadssff
823 3851 1172 3926 commemoretur,

652 3975 695 3994 ··
768 3959 847 4050 -3
1063 3941 1178 4052 Ju-
