2916 4740
324 311 471 379 xxm
547 281 885 374 ursronm
941 283 1222 396 carrion

333 499 462 560 torum
479 471 718 560 Graecorum
747 471 922 565 historia:
952 475 993 554 in
1022 506 1098 586 qua
1124 478 1367 566 conscriben.

331 586 382 670 da
410 589 512 672 hanc
540 588 632 670 mihi
663 593 789 697 legem
820 580 934 689 dixi,·
968 603 1046 682 ut,
1083 612 1249 692 quorum
1282 620 1362 676 me·

329 702 495 782 moriam
527 696 750 796 Maurum.
767 695 957 780 Fabricius
982 695 1026 780 ἃ
1048 696 1257 808 'Taylorus
1277 704 1360 786 satis

326 808 589 916 illustrassent,
618 836 688 894 eos-
708 808 826 892 verbo
853 827 1033 908 tantum,
1062 831 1220 918 propter
1246 811 1366 898 hillo-

325 926 403 1004 riae
418 913 593 1023 ''seriem·,
619 920 883 1032 attingerem,
914 947 1078 1029 quorum
1109 919 1258 1005 historia
1290 953 1359 1032 pa-

306 1060 413 1120 rum
442 1036 635 1144 explicata
665 1031 881 1132 videretur,
917 1034 958 1116 in
989 1031 1035 1116 iis
1064 1030 1247 1118 ornandis
1276 1037 1362 1118 dili-

324 1146 484 1254 gentius
514 1147 691 1242 versarer.
750 1145 886 1228 Nemo
912 1162 1043 1228 tamen
1064 1162 1199 1254 putet,
1229 1143 1291 1228 hic
1318 1173 1360 1231 o

324 1283 437 1339 mneo
469 1256 663 1341 Graeciae
689 1259 876 1340 Oratores
913 1257 1107 1340 recenseri.
1165 1255 1271 1338 Nam
1308 1285 1356 1342 err

323 1369 466 1466 mille,
510 1394 607 1474 quos
647 1390 740 1452 ante
774 1367 811 1450 le
852 1363 964 1450 fuiss'e
997 1364 1092 1450 dicit
1127 1365 1357 1450 Demosthe-

218 1491 227 1522 *
320 1505 391 1562 nes
436 1476 496 1562 de·
523 1480 668 1564 Coton.
718 1496 878 1590 p.555·.
933 1478 1090 1586 aliisque
1128 1478 1355 1582 Demosthe·

140 1645 144 1662 ι
320 1591 672 1691 nem-consecutis,
700 1611 884 1699 tanquam
910 1589 1070 1690 florem,
1100 1587 1359 1675 delibavimus

320 1728 411 1798 eoo,
451 1729 573 1808 quor,
604 1704 691 1786 satir
719 1700 897 1801 constat,
925 1699 1068 1812 aliquid
1097 1701 1216 1784 literis
1243 1730 1360 1786 mau-
1447 1713 1448 1730 ¹

319 1807 444 1913 dalle,
473 1813 516 1897 δε
540 1813 642 1920 apud
663 1811 838 1926 'posteros
853 1919 854 1922 .
871 1815 1089 1898 Oratorum
1115 1811 1268 1897 laudem
1296 1835 1355 1898 te·

319 1920 454 2010 nuille.
487 1919 618 2008 'Haec
644 1943 773 2008 autem
801 1921 956 2008 historia
980 1927 1105 2008 multo
1135 1923 1355 2011 &uberior
1414 2001 1415 2006 .

316 2035 588 2122 &accuratior
605 2035 737 2122 futura
754 2033 869 2137 ellet,
897 2033 925 2120 fi
943 2035 1200 2147 Theopompi
1218 2065 1366 2119 excurv
1447 2131 1448 2146 ἶ

314 2149 396 2248 sus,
426 2175 567 2259 quem,
604 2150 696 2234 telle
718 2147 925 2233 Athenaeo
956 2148 1024 2231 lV.
1044 2176 1082 2258 p.
1107 2151 1197 2234 166.
1227 2151 1276 2232 D.
1307 2150 1357 2232 in
1447 2147 1448 2210 l

313 2259 465 2342 decimo
494 2260 669 2346 historiae
697 2259 930 2370 Philippicae
961 2254 1040 2350 via*
1068 2268 1094 2345 h
1122 2261 1273 2367 'Alium
1291 2266 1352 2348 hr-
1447 2269 1448 2342 l

310 2369 678 2470 peiorarfecerat,
718 2370 773 2454 ad
792 2400 865 2456 not
894 2370 1135 2480 pervenillet.
1199 2377 1357 2474 Nunc,

312 2479 417 2584 quod
438 2481 497 2563 ille
519 2507 617 2564 unu-s
647 2481 1059 2592 copioletradiderat,
1089 2507 1156 2588 per
1185 2483 1352 2589 scripto·

310 2617 370 2684 res
400 2596 544 2688 multos
571 2597 751 2677 tenuibus
782 2593 946 2708 vestigiis
971 2593 1239 2706 quaerendum
1256 2591 1348 2678 fuit.

302 2701 355 2780 in
375 2702 496 2783 variis
511 2723 638 2786 autem
657 2706 871 2789 Oratorum
893 2705 1080 2789 aetatibus
1106 2697 1350 2814 constituen-

301 2808 369 2893 uis
389 2808 526 2894 ducem
543 2816 659 2900 secuti
687 2818 814 2901 sumus
831 2817 1060 2902 Ciceronem
1091 2814 1131 2896 in
1157 2813 1283 2897 Bruto
1306 2831 1349 2925 7.

298 2924 406 3033 'feqq
438 2923 481 3008 &
502 2923 553 3008 de
568 2927 679 3013 Orat.
701 2928 747 3010 ll.
773 2955 837 3010 2’2.
859 2952 922 3031 23.
951 2924 1209 3036 audemusque
1232 2925 1345 3009 vhanc

305 3033 501 3123 historiam
523 3037 721 3124 Ciceronis
748 3036 951 3140 studiosis,
988 3059 1173 3147 tanquam
1203 3037 1346 3142 iustum

294 3148 347 3230 'in
376 3149 439 3230 illa
467 3152 555 3233 loca
588 3153 936 3252 commentarium,
966 3145 1252 3260 commendare.

360 3259 464 3342 Vera
490 3260 712 3368 eloquentia
733 3265 786 3348 ita
805 3265 959 3374 propria
987 3261 1039 3346 est
1064 3260 1343 3365 Athenarum,

173 3420 175 3428 ,
301 3391 346 3453 ut
378 3373 525 3456 nullam
556 3371 745 3458 Graeciae
774 3376 971 3459 civitatem
1003 3375 1044 3459 iu
1073 3372 1171 3453 illius
1189 3375 1341 3481 gloriae

295 3483 523 3594 societatem
553 3482 777 3570 admittant.
835 3487 975 3570 Cicero
1002 3484 1110 3566 Brut.
1150 3507 1212 3587 13.
1249 3484 1340 3569 Hor

148 3677 149 3680 .
298 3607 427 3676 antem
446 3595 619 3702 studitam
649 3622 721 3680 non
758 3615 844 3682 erat
881 3623 1067 3682 cornmune
1108 3591 1340 3696 Graeciam·

106 3733 110 3745 ·
287 3699 578 3816 sedat-omium
593 3708 851 3798 Athenarum.
881 3827 888 3837 ι
909 3711 1011 3817 Quis
1033 3711 1129 3796 enim
1149 3708 1340 3835 authra

309 3839 310 3844 ¹
869 3859 873 3874 ·
1032 3872 1035 3880 ·
1195 3841 1343 3924 gruunt
