2836 4726
201 325 263 392 nt
290 295 398 388 FlG.
424 291 584 384 SENT.
611 313 668 378 m·
695 287 852 380 ELOC.
891 287 982 410 Lm.
1013 293 1043 378 1.
1090 291 1180 427 ,61Ι

8 497 11 576 j
104 505 240 576 mm,
276 487 419 562 uenter
444 469 498 556 od
512 467 760 558 auiditatem,
788 466 942 574 [uirilis
966 481 1163 588 naturae]

7 655 11 708 ;
107 601 328 698 membra,
363 619 459 708 quae
483 618 554 678 suu
582 589 925 704 poffunusoonefle
943 596 1164 704 appellare.

109 721 169 806 ad
182 747 291 808 omne
298 743 420 833 genus
428 719 687 830 curruptelae,
709 735 776 830 pes
792 715 1011 827 adsugam.
1040 718 1161 806 Prnr.

1086 844 1162 960 sus

100 1178 158 1234 ret.
193 1167 413 1263 Quinililian.
439 1163 499 1232 XI.
519 1187 552 1252 3.
585 1187 617 1252 p.
659 1185 728 1251 ergo
755 1161 813 1230 Dii
828 1162 948 1248 sexus,
977 1159 1015 1236 Θ)
1035 1167 1159 1250 genito-

97 1269 178 1334 574.
205 1252 288 1317 oculi
306 1250 412 1338 lassiui
434 1249 470 1322 δ’
486 1251 616 1318 mobiles.
660 1249 733 1312 lium
742 1250 929 1312 membrorum
945 1249 1158 1328 circumferunt

652 1331 836 1414 foeditates,
874 1349 926 1392 uus
941 1333 1031 1393 etium
1046 1347 1085 1396 ex
1099 1335 1159 1395 ori·

150 1411 274 1480 Writis
313 1425 437 1480 naturae
469 1417 617 1494 menbra,
658 1415 829 1478 das'uereou
870 1414 897 1474 is
919 1411 1030 1494 insonte
1044 1409 1159 1497 ejijuis

100 1515 180 1581 quoe
197 1517 262 1562 nou
280 1510 305 1582 p
343 1517 423 1562 unius
436 1495 615 1582 bauelieup-
657 1496 901 1578 appellationibus
919 1499 1073 1576 protare?
1099 1494 1158 1560 ubi

96 1578 247 1664 peitate]
327 1599 369 1646 on
397 1581 501 1646 verbis
534 1599 615 1664 opus
659 1577 792 1662 nequis
817 1577 1160 1664 eodcmjutegtnitu·
1221 1617 1225 1622 -

101 1660 176 1737 est,
199 1679 238 1724 ut
255 1662 441 1744 vincamus,
457 1663 618 1727 uiritisno·
659 1659 733 1723 iium
759 1659 897 1752 expungi
931 1659 1018 1740 porse
1043 1677 1158 1744 putet,

99 1751 190 1806 turae
216 1741 439 1812 foediffimum
456 1743 517 1810 ess'e
533 1747 616 1839 glos·
660 1739 738 1806 scios
746 1759 902 1823 ,promum
912 1742 1060 1826 genitalia
1070 1762 1157 1806 mem·

100 1821 200 1890 sema.
255 1822 337 1890 Nam
361 1827 434 1891 tolia
450 1828 550 1892 veluto
569 1826 616 1892 di·
659 1827 713 1889 bro
728 1821 888 1889 honestius
905 1822 988 1900 dici,
1009 1827 1156 1908 quamui-

97 1907 173 2055 §ito
212 1907 441 1975 demonstraffe
480 1907 527 1974 sot
556 1911 613 1976 eii.
657 1907 863 1997 ritis-naturae
885 1907 1159 1984 ntensmo,deinde

122 1989 265 2057 olebant
280 2007 618 2073 outemveteres‚quoe
657 1989 743 2054 aliud
774 1985 897 2053 licuisse
912 1987 1061 2053 ·Arnobi0
1085 1987 1159 2054 scri·

97 2090 152 2140 res
167 2075 279 2156 pudor
295 2074 459 2140 nominare
473 2089 616 2151 vetaret,
658 2072 765 2152 benti,
794 2089 832 2135 oc
855 2068 1005 2154 Lycurgo
1031 2072 1063 2135 in
1083 2089 1160 2136 con·

99 2153 240 2222 venusto
269 2155 423 2236 ejusmodi
449 2155 616 2222 circumlo·
659 2155 781 2232 sione,
819 2151 872 2216 vel
909 2169 1014 2217 coram
1049 2153 1160 2236 judice
1205 2223 1211 2230 ,

102 2237 246 2300 cutione
270 2235 455 2318 significare.
499 2236 617 2301 Cicero
658 2236 789 2299 dicenti.
832 2231 920 2298 Idem
950 2232 991 2297 V.
1022 2254 1051 2320 pa
1086 2241 1172 2318 126:

104 2313 324 2390 Ptsit.11.19.
357 2317 415 2381 Sed
427 2317 494 2402 jam
510 2311 618 2400 stupra
655 2316 826 2400 propudiosa
844 2327 990 2398 corporum
1015 2315 1157 2402 monsire-

105 2393 146 2468 ἃ
184 2395 318 2485 flagitia
353 2401 512 2467 omittam:
547 2407 618 2471 tuat
660 2409 707 2464 tur
720 2395 1157 2486 obscoenitas,oijeiionturque

103 2485 282 2564 quaedam,
309 2499 382 2565 quoe
412 2477 526 2567 honeste
557 2502 616 2548 non
652 2481 863 2565 pastoritiae,
941 2501 955 2542 s
967 2485 1061 2564 pudor
1079 2503 1156 2548 eom·

96 2563 214 2646 poffum
234 2565 339 2630 dicere.
374 2564 466 2648 Apud
484 2567 612 2632 Patron.
655 2566 754 2630 utonis
769 2563 855 2651 absm
898 2581 944 2626 ere
962 2575 1047 2646 atqsu
1065 2577 1155 2630 *uatu-

100 2664 173 2727 cap.
211 2666 284 2734 13²·
319 2647 434 2731 aliquis
464 2665 584 2734 partem
598 2697 611 2731 ,
655 2648 733 2713 ralis
763 2647 959 2712 uerecundiae
985 2646 1034 2711 lex
1061 2647 1155 2715 'uiett

144 2747 162 2792 a
187 2731 243 2793 vir
266 2748 353 2808 erat,
380 2729 424 2798 fic
450 2731 610 2812 increpat:
653 2667 1153 2816 quarenteranrescostnsdneos-

123 2747 140 2789 u

97 2745 190 2956 {W
211 2814 306 2894 dicis,
319 2815 446 2878 omnium
463 2815 611 2878 bominum
652 2818 706 2878 uia
722 2811 810 2890 nefor
824 2807 887 2893 efl,
907 2831 942 2876 ac
955 2811 1018 2892 fine
1038 2817 1153 2880 honori·

138 2911 293 2976 utramnque
307 2895 430 2974 perdor?
445 2915 538 2974 nam,
555 2914 610 2960 neo
652 2899 702 2959 tas
727 2893 874 2974 oppeiiore
903 2897 1062 2976 praefatis.
1096 2899 1152 2963 ubi

99 2977 257 3038 nominare
285 2977 442 3057 quidemte
463 2980 609 3043 interret
651 2977 726 3041 vide
752 2975 956 3056 interpretes.
1000 2975 1153 3044 Ceterum

90 3052 218 3139 serios,
233 3055 293 3138 fos
312 3052 362 3139 est.
385 3057 416 3124 it
440 3065 545 3142 paucis
560 3062 606 3126 in·
650 3055 873 3144 negationem,
902 3073 961 3120 uae
970 3058 1153 3140 excideret,

101 3138 261 3222 terjeiiis:
282 3140 373 3226 qood,
396 3143 501 3206 obiitus
523 3161 605 3210 vero·
649 3161 690 3208 ex
715 3135 861 3204 Gronov.
920 3155 1042 3230 xcerpt.
1064 3137 1152 3206 resti·

101 3227 227 3287 tundite
250 3243 353 3302 moue,
381 3242 446 3288 cum
467 3245 502 3289 eo
518 3239 605 3309 porte
649 3224 776 3289 suimus.
800 3219 885 3282 idem
901 3237 940 3284 cx
961 3219 1088 3304 ingenio
1102 3219 1149 3284 fo·
1280 3249 1284 3259 ·

7 3363 9 3370 .
103 3309 231 3384 corporis
272 3307 363 3370 verbo
402 3309 604 3390 contulerim,
647 3321 736 3372 cerat
752 3299 800 3398 Β.
825 3297 1025 3396 Stephanus,
1053 3321 1149 3396 quern

104 3399 191 3465 quon
209 3391 301 3484 neuod
318 3392 515 3488 cognitipnen
536 3393 602 3476 qui·
646 3388 760 3456 imitati
780 3381 850 3450 sunt
864 3401 1059 3452 recenttores
1073 3383 1149 3450 Edr-

100 3469 615 3640 ἴξῖἕῑὲᾞιῑθιτιιᾏευῧέοετῖἕωῗέἕίι
645 3490 743 3622 torie'dr
754 3553 794 3618 ad
802 3549 930 3638 sugam]
942 3546 1146 3633 Virgil.Aen.

100 3645 135 3696 tn
153 3626 341 3704 Ciceronem
352 3637 445 3714 paulo
456 3653 531 3700 ante
543 3639 604 3704 lau·
646 3637 707 3707 XI.
723 3655 797 3725 390.
926 3717 932 3729 ,
955 3717 962 3730 ‚

97 3708 209 3778 datus:
254 3731 306 3776 oue
326 3713 439 3798 bouejie
460 3719 605 3786 uominon’
850 3735 891 3780 on
907 3715 960 3778 teis
976 3711 1108 3784 Motum

96 3811 158 3860 mon
225 3730 311 3878 jiunt
324 3839 338 3874 ,
372 3795 514 3885 inhonesti
546 3821 602 3871 ma.
688 3797 820 3882 Ventoso
845 3801 878 3861 in
903 3797 948 3894 iim
970 3817 1035 3874 uo,
1057 3805 1151 3884 peut·

96 3873 221 3950 Arno.
246 3875 305 3980 ili.
329 3895 362 3963 p.
384 3897 453 3966 105.
722 3817 998 3970 sancsogacdas
1011 3877 1147 3967 istisin
